@article{landgrebe2002hyperspectral,
  title={Hyperspectral image data analysis},
  author={Landgrebe, D. },
  journal={IEEE Signal Processing Magazine},
  volume={19},
  number={1},
  pages={17--28},
  year={2002},
  publisher={IEEE}
}


@article{keshava2002spectral,
  title={Spectral unmixing},
  author={Keshava, N. and Mustard, J. F. },
  journal={IEEE signal processing magazine},
  volume={19},
  number={1},
  pages={44--57},
  year={2002},
  publisher={IEEE}
}

@article{bioucas2012hyperspectral,
  title={Hyperspectral unmixing overview: Geometrical, statistical, and sparse regression-based approaches},
  author={Bioucas-Dias, J. M. and Plaza, A. and Dobigeon, N. and Parente, M. and Du, Q. and Gader, P. and Chanussot, J. },
  journal={IEEE Journal of Selected Topics in Applied Earth Observations and Remote Sensing},
  volume={5},
  number={2},
  pages={354--379},
  year={2012},
  publisher={IEEE}
}

@article{zare2014endmember,
  title={Endmember variability in hyperspectral analysis: Addressing spectral variability during spectral unmixing},
  author={Zare, A. and Ho, K. C. },
  journal={IEEE Signal Processing Magazine},
  volume={31},
  number={1},
  pages={95--104},
  year={2014},
  publisher={IEEE}
}

@article{roberts1998mapping,
  title={Mapping chaparral in the Santa Monica Mountains using multiple endmember spectral mixture models},
  author={Roberts, D. A. and Gardner, M. and Church, R and Ustin, S. and Scheer, G. and Green, R. O. },
  journal={Remote Sensing of Environment},
  volume={65},
  number={3},
  pages={267--279},
  year={1998},
  publisher={Elsevier}
}

@article{bateson2000endmember,
  title={Endmember bundles: A new approach to incorporating endmember variability into spectral mixture analysis},
  author={Bateson, C. A. and Asner, G. P. and Wessman, C. A. },
  journal={IEEE Transactions on Geoscience and Remote Sensing},
  volume={38},
  number={2},
  pages={1083--1094},
  year={2000},
  publisher={IEEE}
}

@article{somers2012automated,
  title={Automated extraction of image-based endmember bundles for improved spectral unmixing},
  author={Somers, B. and Zortea, M. and Plaza, A. and Asner, G. P. },
  journal={IEEE Journal of Selected Topics in Applied Earth Observations and Remote Sensing},
  volume={5},
  number={2},
  pages={396--408},
  year={2012},
  publisher={IEEE}
}

@article{castrodad2011learning,
  title={Learning discriminative sparse representations for modeling, source separation, and mapping of hyperspectral imagery},
  author={Castrodad, A. and Xing, Z. and Greer, J. B. and Bosch, E. and Carin, L. and Sapiro, G. },
  journal={IEEE Transactions on Geoscience and Remote Sensing},
  volume={49},
  number={11},
  pages={4263--4281},
  year={2011},
  publisher={IEEE}
}

@inproceedings{stein2003application,
  title={Application of the normal compositional model to the analysis of hyperspectral imagery},
  author={Stein, D. },
  booktitle={Advances in Techniques for Analysis of Remotely Sensed Data, 2003 IEEE Workshop on},
  pages={44--51},
  year={2003},
  organization={IEEE}
}

@article{eches2010bayesian,
  title={Bayesian estimation of linear mixtures using the normal compositional model. Application to hyperspectral imagery},
  author={Eches, O. and Dobigeon, N. and Mailhes, C. and Tourneret, J. Y. },
  journal={IEEE Transactions on Image Processing},
  volume={19},
  number={6},
  pages={1403--1413},
  year={2010},
  publisher={IEEE}
}

@article{zare2013sampling,
  title={Sampling piecewise convex unmixing and endmember extraction},
  author={Zare, A. and Gader, P. and Casella, G.},
  journal={IEEE Transactions on Geoscience and Remote Sensing},
  volume={51},
  number={3},
  pages={1655--1665},
  year={2013},
  publisher={IEEE}
}


@inproceedings{chenpartial,
  title={Partial Membership Latent Dirichlet Allocation for Image Segmentation},
  author={Chen, C. and Zare, A. and Cobb, J. T.},
  booktitle={International Conference on Pattern Recognition {(ICPR)}},
  year={2016},
  address = {Cancun, Mexico},
}


@phdthesis{chen2016partial,
    title    = {Partial Membership Latent Dirichlet Allocation},
    school   = {University of Missouri-Columbia},
    author   = {Chen, C. },
    year     = {2016} 
}

@article{blei2003latent,
  title={Latent dirichlet allocation},
  author={Blei, D. M. and Ng, A. Y. and Jordan, M. I. },
  journal={Journal of machine Learning research},
  volume={3},
  number={Jan},
  pages={993--1022},
  year={2003}
}

@inproceedings{gillis2012hyperspectral,
  title={Hyperspectral image segmentation using spatial-spectral graphs},
  author={Gillis, D. B. and Bowles, J. H. },
  booktitle={SPIE Defense, Security, and Sensing},
  pages={83901Q--83901Q},
  year={2012},
  organization={International Society for Optics and Photonics}
}

@article{nascimento2005vertex,
  title={Vertex component analysis: A fast algorithm to unmix hyperspectral data},
  author={Nascimento, J. MP. and Dias, J. MB. },
  journal={IEEE transactions on Geoscience and Remote Sensing},
  volume={43},
  number={4},
  pages={898--910},
  year={2005},
  publisher={IEEE}
}