@inproceedings{huo2012abnormal,
	title={Abnormal event detection via multi-instance dictionary learning},
	author={Huo, Jing and Gao, Yang and Yang, Wanqi and Yin, Hujun},
	booktitle={International Conference on Intelligent Data Engineering and Automated Learning},
	pages={76--83},
	year={2012},
	organization={Springer}
}

@inproceedings{yang2011fisher,
	title={Fisher discrimination dictionary learning for sparse representation},
	author={Yang, Meng and Zhang, Lei and Feng, Xiangchu and Zhang, David},
	booktitle={2011 International Conference on Computer Vision},
	pages={543--550},
	year={2011},
	organization={IEEE}
}

@article{yang2014sparse,
	title={Sparse representation based fisher discrimination dictionary learning for image classification},
	author={Yang, Meng and Zhang, Lei and Feng, Xiangchu and Zhang, David},
	journal={International Journal of Computer Vision},
	volume={109},
	number={3},
	pages={209--232},
	year={2014},
	publisher={Springer}
}

@inproceedings{su2012pulse,
	title={Pulse rate estimation using hydraulic bed sensor},
	author={Su, B.Y. and Ho, K.C. and Skubic, M. and Rosales, L.},
	booktitle={2012 Annual International Conference of the IEEE Engineering in Medicine and Biology Society},
	pages={2587--2590},
	year={2012},
	organization={IEEE}
}

@article{Rosales2016heartrate,
	title={Heart rate monitoring using hydraulic bed sensor ballistocardiogram},
	author={Rosales, L. and Su, B. Y.  and Skubic, M. and Ho, K. C. },
	journal={Journal Ambient Intelligence Smart Environments},
	year={to appear},
}

@article{rosenbrock1960automatic,
	title={An automatic method for finding the greatest or least value of a function},
	author={Rosenbrock, HoHo},
	journal={The Computer Journal},
	volume={3},
	number={3},
	pages={175--184},
	year={1960},
	publisher={Br Computer Soc}
}

@book{bazaraa2013nonlinear,
	title={Nonlinear programming: theory and algorithms},
	author={Bazaraa, Mokhtar S and Sherali, Hanif D and Shetty, Chitharanjan M},
	year={2013},
	publisher={John Wiley \& Sons}
}

@book{fletcher2013practical,
	title={Practical methods of optimization},
	author={Fletcher, Roger},
	year={2013},
	publisher={John Wiley \& Sons}
}

@article{bach2012optimization,
	title={Optimization with sparsity-inducing penalties},
	author={Bach, Francis and Jenatton, Rodolphe and Mairal, Julien and Obozinski, Guillaume},
	journal={Foundations and Trends{\textregistered} in Machine Learning},
	volume={4},
	number={1},
	pages={1--106},
	year={2012},
	publisher={Now Publishers Inc.}
}


@inproceedings{jiao2016ICPR,
	title={Multiple Instance Dictionary Learning using Functions of Multiple Instances},
	author={Jiao, Changzhe and Zare, Alina},
	booktitle={Int. Conf. Pattern Recognition (ICPR)},
	page={1--6}
	month={December}
	year={2016}
}

@InProceedings{jiao2016heartbeat,
	author = {Changzhe Jiao and Princess Lyons and Alina Zare and Licet Rosales and Marjorie Skubic},
	title = {Heart Beat Characterization from Ballistocardiogram Signals using Extended Functions of Multiple Instances},
	booktitle = {38th Annual International Conference of the IEEE 
	Engineering in Medicine and Biology Society},
	year = {2016},
	month = {Aug.}
}

@Article{zare2016miace,
	author = {Zare, Alina and Jiao, Changzhe and Glenn, Taylor},
	title = {Multiple Instance Hyperspectral Target Characterization},
	year = {Under Review},
	url = {https://arxiv.org/abs/1606.06354}
}

@article{tibshirani1996regression,
	title={Regression shrinkage and selection via the Lasso},
	author={Tibshirani, Robert},
	journal={Journal of the Royal Statistical Society. Series B (Methodological)},
	pages={267--288},
	year={1996},
	publisher={JSTOR}
}

@article{chen2001atomic,
	title={Atomic decomposition by basis pursuit},
	author={Chen, Scott Shaobing and Donoho, David L and Saunders, Michael A},
	journal={SIAM review},
	volume={43},
	number={1},
	pages={129--159},
	year={2001},
	publisher={SIAM}
}

@techreport{gader:2013,
	author = {Gader, P. and A. Zare and others},
	title = {\uppercase{MUUFL} Gulfport Hyperspectral and LiDAR Airborne Data Set},
	month={Oct.},
	year={2013},
	institution= {University of Florida, Gainesville, FL, REP-2013-570}
}

@inproceedings{holzwarth:2003,
	title={HySens-\uppercase{DAIS} 7915/ROSIS imaging spectrometers at \uppercase{DLR}},
	author={Holzwarth, S. and others},
	booktitle={Proc. 3rd EARSel, Workshop on Imag. Spectrosc., Herrsching},
	pages={3--14},
	month={May},
	year={2003}
}

@inproceedings{RIT:2012,
	title={The \uppercase{SHARE} 2012 data campaign},
	author={A. Giannandrea and others},
	booktitle={Proc. SPIE},
	pages={87430F},
	year={2013},
}

@inproceedings{gibson2014learning,
	title={Learning multiple concepts with incremental diverse density},
	author={Gibson, James and Narayanan, Shrikanth},
	booktitle={2014 IEEE International Conference on Acoustics, Speech and Signal Processing (ICASSP)},
	pages={4558--4562},
	year={2014},
	organization={IEEE}
}

@article{gibson2016multiple,
	title={Multiple Instance Learning for Behavioral Coding},
	author={Gibson, James and Katsamanis, Athanasios and Romero, Francisco and Xiao, Bo and Georgiou, Panayiotis and Narayanan, Shrikanth},
	journal={IEEE transactions on affective computing},
    year={In press},
	publisher={IEEE}
}

@inproceedings{lazebnik2006beyond,
	title={Beyond bags of features: Spatial pyramid matching for recognizing natural scene categories},
	author={Lazebnik, Svetlana and Schmid, Cordelia and Ponce, Jean},
	booktitle={2006 IEEE Computer Society Conference on Computer Vision and Pattern Recognition (CVPR'06)},
	volume={2},
	pages={2169--2178},
	year={2006},
	organization={IEEE}
}


@article{blei2003latent,
	title={Latent dirichlet allocation},
	author={Blei, David M and Ng, Andrew Y and Jordan, Michael I},
	journal={Journal of machine Learning research},
	volume={3},
	number={Jan},
	pages={993--1022},
	year={2003}
}

@article{bennett1999combining,
	title={Combining support vector and mathematical programming methods for induction},
	author={Bennett, Kristin and Mangasarian, OL},
	journal={Advances in Kernel Methods-SV Learning},
	pages={307--326},
	year={1999}
}

@inproceedings{smola1999linear,
	title={Linear programs for automatic accuracy control in regression},
	author={Smola, Alex and Scholkopf, Bernhard and Ratsch, Gunnar},
	booktitle={Artificial Neural Networks, 1999. ICANN 99. Ninth International Conference on (Conf. Publ. No. 470)},
	volume={2},
	pages={575--580},
	year={1999},
	organization={IET}
}

@article{zhu20041,
	title={1-norm support vector machines},
	author={Zhu, Ji and Rosset, Saharon and Hastie, Trevor and Tibshirani, Rob},
	journal={Advances in neural information processing systems},
	volume={16},
	number={1},
	pages={49--56},
	year={2004},
	publisher={MIT Press New York}
}

@book{scholkopf2002learning,
	title={Learning with kernels: support vector machines, regularization, optimization, and beyond},
	author={Sch{\"o}lkopf, Bernhard and Smola, Alexander J},
	year={2002},
	publisher={MIT press}
}

@article{efron2004least,
	title={Least angle regression},
	author={Efron, Bradley and Hastie, Trevor and Johnstone, Iain and Tibshirani, Robert and others},
	journal={The Annals of statistics},
	volume={32},
	number={2},
	pages={407--499},
	year={2004},
	publisher={Institute of Mathematical Statistics}
}

@article{friedman1981projection,
	title={Projection pursuit regression},
	author={Friedman, Jerome H and Stuetzle, Werner},
	journal={Journal of the American statistical Association},
	volume={76},
	number={376},
	pages={817--823},
	year={1981},
	publisher={Taylor \& Francis Group}
}


	@ARTICLE{Dietterich:1997,
		author = {T. G. Dietterich and R. H. Lathrop and T. Lozano-Perez},
		title = {Solving the multiple-instance problem with axis-parallel rectangles},
		journal = {Artificial Intell.},
		year = {1997},
		volume = {89},
		pages = {31-17},
		number = {1-2}
	}
	
	@article{manolakis2002detection,
		title={Detection algorithms for hyperspectral imaging applications},
		author={Manolakis, Dimitris and Shaw, Gary},
		journal={IEEE Signal Processing Magazine},
		volume={19},
		number={1},
		pages={29--43},
		year={2002},
		publisher={IEEE}
	}
	
	@article{manolakis2014detection,
		title={Detection algorithms in hyperspectral imaging systems: An overview of practical algorithms},
		author={Manolakis, Dimitris and Truslow, Eric and Pieper, Michael and Cooley, Thomas and Brueggeman, Michael},
		journal={IEEE Signal Processing Magazine},
		volume={31},
		number={1},
		pages={24--33},
		year={2014},
		publisher={IEEE}
	}
	
	@article{nasrabadi2014hyperspectral,
		title={Hyperspectral target detection: An overview of current and future challenges},
		author={Nasrabadi, Nasser M},
		journal={IEEE Signal Processing Magazine},
		volume={31},
		number={1},
		pages={34--44},
		year={2014},
		publisher={IEEE}
	}


@article{bioucas2012hyperspectral,
	title={Hyperspectral unmixing overview: Geometrical, statistical, and sparse regression-based approaches},
	author={Bioucas-Dias, Jos{\'e} M and Plaza, Antonio and Dobigeon, Nicolas and Parente, Mario and Du, Qian and Gader, Paul and Chanussot, Jocelyn},
	journal={IEEE Journal of Selected Topics in Applied Earth Observations and Remote Sensing},
	volume={5},
	number={2},
	pages={354--379},
	year={2012},
	publisher={IEEE}
}

@article{plaza2009recent,
	title={Recent advances in techniques for hyperspectral image processing},
	author={Plaza, Antonio and Benediktsson, Jon Atli and Boardman, Joseph W and Brazile, Jason and Bruzzone, Lorenzo and Camps-Valls, Gustavo and Chanussot, Jocelyn and Fauvel, Mathieu and Gamba, Paolo and Gualtieri, Anthony and others},
	journal={Remote sensing of environment},
	volume={113},
	pages={S110--S122},
	year={2009},
	publisher={Elsevier}
}

@article{vane1993airborne,
	title={The airborne visible/infrared imaging spectrometer (AVIRIS)},
	author={Vane, Gregg and Green, Robert O and Chrien, Thomas G and Enmark, Harry T and Hansen, Earl G and Porter, Wallace M},
	journal={Remote Sensing of Environment},
	volume={44},
	number={2-3},
	pages={127--143},
	year={1993},
	publisher={Elsevier}
}

@article{keshava2002spectral,
	title={Spectral unmixing},
	author={Keshava, Nirmal and Mustard, John F},
	journal={IEEE signal processing magazine},
	volume={19},
	number={1},
	pages={44--57},
	year={2002},
	publisher={IEEE}
}


@article{wang2000solving,
	title={Solving multiple-instance problem: A lazy learning approach},
	author={Wang, Jun and Zucker, Jean-Daniel},
	year={2000},
	publisher={Morgan Kaufmann}
}

@inproceedings{zhou2007:MissSVM,
	title={On the relation between multi-instance learning and semi-supervised learning},
	author={Zhou, Zhi-Hua and Xu, Jun-Ming},
	booktitle={Proceedings of the 24th international conference on Machine learning},
	pages={1167--1174},
	year={2007},
	organization={ACM}
}



@inproceedings{gillis:2008,
	title={A generalized linear mixing model for hyperspectral imagery},
	author={Gillis, D. and others},
	booktitle={Proc. SPIE},
	volume={6966},
	pages={1--11},
	year={2008},
}

@inproceedings{ramirez2010classification,
	title={Classification and clustering via dictionary learning with structured incoherence and shared features},
	author={Ramirez, Ignacio and Sprechmann, Pablo and Sapiro, Guillermo},
	booktitle={IEEE Comput. Vision and Pattern Recognition},
	pages={3501--3508},
	year={2010},
}

@article{manolakis:2003,
	title={Hyperspectral image processing for automatic target detection applications},
	author={Manolakis, Dimitris and Marden, David and Shaw, Gary A},
	journal={Lincoln Laboratory J.},
	volume={14},
	number={1},
	pages={79--116},
	year={2003}
}

@inproceedings{basener:2010clutter,
	title={Clutter and anomaly removal for enhanced target detection},
	author={Basener, William F},
	booktitle={Proc. SPIE},
	volume={7695},
	pages={769525},
	year={2010},
}


@PhdThesis{Glenn:2013,
	title = "{Context Dependent Detection in Hyperspectral Imagery}",
	author = "T. C. Glenn",
	school = "University of Florida",
	month = dec,
	year = "2013",
}

@article{nascimento:2005,
	title={Vertex component analysis: A fast algorithm to unmix hyperspectral data},
	author={Nascimento, Jos{\'e} MP and Dias, Jos{\'e} MB},
	journal={IEEE Trans. Geosci. Remote Sens.},
	volume={43},
	number={4},
	pages={898--910},
	year={2005},
	publisher={IEEE}
}



@misc{glenn_gulfport:2013,
	author = {Glenn, T. and A. Zare and Gader, P. and Dranishnikov, D.},
	title = {Bullwinkle: Scoring Code for Sub-pixel Targets (Version 1.0) [Software]},
	year={2013},
	note = {\url{http://engineers.missouri.edu/zarea/code/}}
}

@techreport{gader:2013,
	author = {Gader, P. and A. Zare and others},
	title = {\uppercase{MUUFL} Gulfport Hyperspectral and LiDAR Airborne Data Set},
	month={Oct.},
	year={2013},
	institution= {University of Florida, Gainesville, FL, REP-2013-570}
}

@inproceedings{holzwarth:2003,
	title={HySens-\uppercase{DAIS} 7915/ROSIS imaging spectrometers at \uppercase{DLR}},
	author={Holzwarth, S. and others},
	booktitle={Proc. 3rd EARSel, Workshop on Imag. Spectrosc., Herrsching},
	pages={3--14},
	month={May},
	year={2003}
}

@article{Cortes:1995,
	title={Support vector machine},
	author={Cortes, Corinna and Vapnik, Vladimir},
	journal={Mach. learning},
	volume={20},
	number={3},
	pages={273--297},
	year={1995}
}

@article{Tipping:2001,
	title={Sparse Bayesian learning and the relevance vector machine},
	author={Tipping, Michael E},
	journal={J. Mach. Learning Research},
	volume={1},
	pages={211--244},
	year={2001},
	publisher={JMLR. org}
}

@article{Keller:1985,
	title={A fuzzy k-nearest neighbor algorithm},
	author={Keller, James M and Gray, Michael R and Givens, James A},
	journal={IEEE Trans. Syst., Man and Cybern.},
	number={4},
	pages={580--585},
	year={1985},
	publisher={IEEE}
}


@inproceedings{Dula:2013,
	title={Landmine classification using possibilistic K-nearest neighbors with wideband electromagnetic induction data},
	author={Dula, J and A. Zare and Ho, Dominic and Gader, P},
	booktitle={Proc. SPIE},
	year={2013},
	volume={8709},
	number={87091F},
}

@INPROCEEDINGS{Frigui:2006,
	author={Frigui, H. and Gader, P.},
	booktitle={IEEE Int. Conf. Fuzzy Syst.},
	title={Detection and Discrimination of Land Mines based on Edge Histogram Descriptors and Fuzzy K-Nearest Neighbors},
	year={2006},
	pages={1494-1499},
	keywords={data acquisition;feature extraction;fuzzy systems;ground penetrating radar;landmine detection;3-D array;GPR system;data acquisition;edge histogram descriptor;false alarm;feature extraction algorithm;fuzzy K-nearest neighbors;geographic location;ground penetrating radar;land mine detection;local edge distribution;outdoor test sites;prescreening algorithm;sensor data;subsurface anomalies;translation invariant features;Decision making;Feature extraction;Fuzzy logic;Fuzzy systems;Ground penetrating radar;Histograms;Landmine detection;Radar detection;Sensor phenomena and characterization;Sensor systems},
	doi={10.1109/FUZZY.2006.1681906},}

@ARTICLE{Frigui:2009,
	author={Frigui, H. and Gader, P.},
	journal={IEEE Trans. Fuzzy Syst.},
	title={Detection and Discrimination of Land Mines in Ground-Penetrating Radar Based on Edge Histogram Descriptors and a Possibilistic K-Nearest Neighbor Classifier},
	year={2009},
	volume={17},
	number={1},
	pages={185-199},
	keywords={feature extraction;ground penetrating radar;landmine detection;pattern classification;radar imaging;3D GPR signatures;anomaly detection;confidence assignment;edge histogram descriptors;feature extraction;ground penetrating radar;landmine detection;landmine discrimination;local edge distribution;possibilistic K-nearest neighbors;possibilistic k-nearest neighbor classifier;sensor data;training signatures;translation invariant features;Edge histogram descriptor;feature-based discrimination;land mine detection;possibilistic $K$ -nearest neighbor ($K$-NN)},
	doi={10.1109/TFUZZ.2008.2005249},
	ISSN={1063-6706},}

@article{Jordan:2002,
	title={On discriminative vs. generative classifiers: A comparison of logistic regression and naive \uppercase{B}ayes},
	author={Ng, A.Y. and Jordan, M.I.},
	journal={NIPS},
	volume={14},
	pages={841},
	year={2002}
}

@book{Bishop:2006,
	title={Pattern recognition and machine learning},
	author={Bishop, Christopher M and Nasrabadi, Nasser M},
	volume={1},
	year={2006},
	publisher={springer New York}
}

@ARTICLE{Matteoli:2014, 
	author={S. Matteoli and M. Diani and J. Theiler}, 
	journal={IEEE Journal of Selected Topics in Applied Earth Observations and Remote Sensing}, 
	title={An Overview of Background Modeling for Detection of Targets and Anomalies in Hyperspectral Remotely Sensed Imagery}, 
	year={2014}, 
	volume={7}, 
	number={6}, 
	pages={2317-2336}, 
	keywords={geophysical image processing;geophysical techniques;hyperspectral imaging;remote sensing;anomaly detection;anomaly detection problems;hyperspectral remotely sensed imagery;innovative modeling strategies;target detection;target weak signal;well-known classic algorithms;Adaptation models;Covariance matrices;Detection algorithms;Detectors;Hyperspectral imaging;Vectors;Anomaly detection;background estimation;background modeling;hyperspectral imagery;target detection}, 
	doi={10.1109/JSTARS.2014.2315772}, 
	ISSN={1939-1404}, 
	month={June},}

@ARTICLE{Theiler:2006, 
	author={J. Theiler and B. R. Foy}, 
	journal={IEEE Geoscience and Remote Sensing Letters}, 
	title={Effect of signal contamination in matched-filter detection of the signal on a cluttered background}, 
	year={2006}, 
	volume={3}, 
	number={1}, 
	pages={98-102}, 
	keywords={adaptive filters;covariance matrices;geophysical signal processing;geophysical techniques;image processing;matched filters;remote sensing;adaptive signal detection;band-to-band covariance;cluttered background;covariance matrices;hyperspectral imagery;matched filter detection;plume strength;signal contamination;signal-to-clutter ratio;target-free background scene;Analytical models;Contamination;Covariance matrix;Hyperspectral imaging;Image analysis;Layout;Matched filters;Signal detection;Thermal pollution;Thyristors;Adaptive signal detection;clutter;covariance matrices;gases;hyperspectral imagery;matched filters}, 
	doi={10.1109/LGRS.2005.857619}, 
	ISSN={1545-598X}, 
	month={Jan},}

@ARTICLE{Nasrabadi:2008, 
	author={N. M. Nasrabadi}, 
	journal={IEEE Signal Processing Letters}, 
	title={Regularized Spectral Matched Filter for Target Recognition in Hyperspectral Imagery}, 
	year={2008}, 
	volume={15}, 
	pages={317-320}, 
	keywords={Bayes methods;filtering theory;image recognition;Bayesian-based derivation;filter coefficients;hyperspectral imagery;quadratic penalization term;regularization coefficient;regularized spectral matched filter;sum-of-squares;target recognition;Bayesian methods;Covariance matrix;Eigenvalues and eigenfunctions;Hyperspectral imaging;Image recognition;Instruction sets;Matched filters;Object detection;Target recognition;Testing;Automatic target detection;hyperspectral imagery;matched filter;regularization;regularized spectral matched filter}, 
	doi={10.1109/LSP.2008.917805}, 
	ISSN={1070-9908}, 
	month={},}

@ARTICLE{Bolton:2009,
	author={Bolton, J. and Gader, P.},
	journal={IEEE Trans. Geosci. Remote Sens.},
	title={Random Set Framework for Context-Based Classification With Hyperspectral Imagery},
	year={2009},
	volume={47},
	number={11},
	pages={3810-3821},
	keywords={geophysical signal processing;image classification;remote sensing;context based classification;feature space orientation;hyperspectral imagery;random set framework;remote sensing;spectra population distribution analysis;Concept drift;context-based classification;ensemble methods;environmental variability;hyperspectral imagery (HSI);random set framework (RSF)},
	doi={10.1109/TGRS.2009.2025497},
	ISSN={0196-2892},}

@INPROCEEDINGS{Jordan:1993,
	author={Jordan, M. and Jacobs, R.},
	booktitle={Proc. 1993 Int. Joint Conf. Neural Networks},
	title={Hierarchical mixtures of experts and the \uppercase{EM} algorithm},
	year={1993},
	volume={2},
	pages={1339-1344 vol.2},
	keywords={learning (artificial intelligence);maximum likelihood estimation;neural net architecture;expectation-maximization algorithm;experts;generalized linear models;hierarchical mixture model;maximum likelihood problem;neural nets;robot dynamics;statistical model;supervised learning;tree-structured architecture;Biological neural networks;Jacobian matrices;Machine learning algorithms;Mars;Orbital robotics;Partitioning algorithms;Psychology;Supervised learning;Surface fitting;Vectors},
	doi={10.1109/IJCNN.1993.716791},}

@ARTICLE{Yuksel:2012,
	author={Yuksel, S. and Wilson, J. and Gader, P.},
	journal={IEEE J. Neural Networks and Learning Syst.},
	title={Twenty Years of Mixture of Experts},
	year={2012},
	volume={23},
	number={8},
	pages={1177-1193},
	keywords={Gaussian processes;expectation-maximisation algorithm;expert systems;learning (artificial intelligence);pattern classification;public domain software;regression analysis;trees (mathematics);ME variational learning;classification models;expectation-maximization algorithm;localized ME training;mixture-of-Gaussian process experts;publicly-available datasets;publicly-available software;regression models;statistical properties;Bayesian methods;Data models;Decision trees;Gaussian processes;Hidden Markov models;Regression analysis;Support vector machines;Applications;Bayesian;classification;comparison;hierarchical mixture of experts (HME);mixture of Gaussian process experts;regression;statistical properties;survey;variational},
	doi={10.1109/TNNLS.2012.2200299},
	ISSN={2162-237X},}

@article{Breiman:2001,
	year={2001},
	issn={0885-6125},
	journal={Mach. Learning},
	volume={45},
	number={1},
	doi={10.1023/A:1010933404324},
	title={Random Forests},
	url={http://dx.doi.org/10.1023/A%3A1010933404324},
	publisher={Kluwer Academic Publishers},
	keywords={classification; regression; ensemble},
	author={Breiman, L.},
	pages={5-32},
	language={English}
}

@ARTICLE{Goin:1984,
	author={Goin, J.},
	journal={IEEE Trans. Pattern Anal. and Mach. Intell.},
	title={Classification Bias of the k-Nearest Neighbor Algorithm},
	year={1984},
	volume={PAMI-6},
	number={3},
	pages={379-381},
	keywords={Breast cancer;Cancer detection;Density functional theory;Distribution functions;Error analysis;Frequency estimation;Nearest neighbor searches;Pattern analysis;Performance analysis;Yield estimation;Analysis of class separation;error estimation;k-nearest neighbor classifier;nonparametric discrimination},
	doi={10.1109/TPAMI.1984.4767533},
	ISSN={0162-8828},}

@article{Ratsch:2001,
	year={2001},
	issn={0885-6125},
	journal={Mach. Learning},
	volume={42},
	number={3},
	doi={10.1023/A:1007618119488},
	title={Soft Margins for AdaBoost},
	url={http://dx.doi.org/10.1023/A%3A1007618119488},
	publisher={Kluwer Academic Publishers},
	keywords={ADABOOST; arcing; large margin; soft margin; classification; support vectors},
	author={Rätsch, G. and Onoda, T. and Müller, K.-R.},
	pages={287-320},
	language={English}
}

@ARTICLE{Frigui:2010,
	author={Frigui, H. and Lijun Zhang and Gader, P.},
	journal={IEEE Trans. Geosci. Remote Sens.},
	title={Context-Dependent Multisensor Fusion and Its Application to Land Mine Detection},
	year={2010},
	volume={48},
	number={6},
	pages={2528-2543},
	keywords={electromagnetic induction;ground penetrating radar;landmine detection;burial depth;classification methods;context-dependent multisensor fusion;electromagnetic induction;geographical site;ground-penetrating radar;land mine type;multialgorithm fusion method;multiple land mine detection algorithms;multisensor fusion method;soil conditions;weather conditions;wideband electromagnetic data;Electromagnetic induction (EMI);ground-penetrating radar (GPR);land mine detection;multialgorithm fusion;multisensor fusion},
	doi={10.1109/TGRS.2009.2039936},
	ISSN={0196-2892},}

@ARTICLE{5288526,
	author={Sinno Jialin Pan and Qiang Yang},
	journal={IEEE Trans. Knowl. Data Eng.},
	title={A Survey on Transfer Learning},
	year={2010},
	volume={22},
	number={10},
	pages={1345-1359},
	keywords={knowledge engineering;learning by example;optimisation;unsupervised learning;data mining;inductive transfer learning;knowledge transfer;machine learning;transductive transfer learning;unsupervised transfer learning;Data mining;Knowledge engineering;Knowledge transfer;Labeling;Learning systems;Machine learning;Machine learning algorithms;Space technology;Testing;Training data;Transfer learning;data mining.;machine learning;survey},
	doi={10.1109/TKDE.2009.191},
	ISSN={1041-4347},}

@article{daume2006domain,
	title={Domain Adaptation for Statistical Classifiers.},
	author={Daum{\'e} III, Hal and Marcu, Daniel},
	journal={J. Artif. Intell. Res.(JAIR)},
	volume={26},
	pages={101--126},
	year={2006}
}

@ARTICLE{6198883,
	author={Persello, C. and Bruzzone, L.},
	journal={IEEE Trans. Geosci. Remote Sens.},
	title={Active Learning for Domain Adaptation in the Supervised Classification of Remote Sensing Images},
	year={2012},
	volume={50},
	number={11},
	pages={4468-4483},
	keywords={geophysical image processing;geophysical techniques;image classification;remote sensing;active learning;classification system;domain adaptation problems;hyperspectral images;image supervised classification;operational applications;remote sensing images;source-domain samples;Hyperspectral imaging;Labeling;Support vector machines;Training;Active learning (AL);automatic classification;domain adaptation (DA);hyperspectral data;remote sensing;transfer learning},
	doi={10.1109/TGRS.2012.2192740},
	ISSN={0196-2892},}

@inproceedings{evgeniou2004regularized,
	title={Regularized multi--task learning},
	author={Evgeniou, Theodoros and Pontil, Massimiliano},
	booktitle={Proc. 10th ACM SIGKDD Int. Conf. Knowl. Discovery and Data Mining},
	pages={109--117},
	year={2004},
	organization={ACM}
}

@article{Dias:2012,
	author = {J. M. Bioucas-Dias and others},
	title = {Hyperspectral Unmixing Overview: Geometrical, Statistical, and Sparse Regression-Based Approaches},
	journal = {IEEE J. Sel. Topics Appl. Earth Observ. and Remote Sens.},
	volume = {5},
	number = {2},
	pages = {354-379},
	year = {2012},
	month = {Apr.}
}

@article{Keshava:2000,
	author = {N. Keshava and J. Kerekes and D. Manolakis and G. Shaw},
	title = {An Algorithm Taxonomy for Hyperspectral Unmixing},
	journal = {Proc. SPIE},
	volume = {4049},
	pages = {42--63},
	year = {2000},
}

@article{Keshava:2002,
	author = {N. Keshava and J. F. Mustard},
	title = {Spectral unmixing},
	journal = {IEEE Signal Process. Mag.},
	volume = {19},
	number = {1},
	pages = {44-57},
	year = {2002},
	month = {Jan.}
}

@article{Keshava:2009,
	author = {N. Keshava},
	title = {A Survey of Spectral Unmixing Algorithms},
	journal = {Lincoln Laboratory J.},
	volume = {14},
	number = {1},
	year = {2009},
}


@inproceedings{Parente:2010,
	title={Survey of geometric and statistical unmixing algorithms for hyperspectral images},
	author={Parente, Mario and Plaza, Antonio},
	booktitle={IEEE WHISPERS},
	pages={1--4},
	year={2010},
}


@article{Dias:2011,
	author = {J. M. Bioucas-Dias and A. Plaza},
	title = {An overview on hyperspectral unmixing: Geometrical, statistical, and sparse regression based approaches},
	journal = {IGARSS},
	year = {2011},
	pages = {1135-1138}
}

@ARTICLE{Chan:2011,
	author = {T.-H. Chan and W.K.-Ma and A. Ambikapathi and C.-Y. Chi},
	title = {A Simplex Volume Maximization Framework for Hyperspectral Endmember Extraction},
	journal={IEEE Trans. Geosci. Remote Sens.},
	year = {2011},
	volume = {49},
	pages = {4177-4193},
	number = {11},
	month = {June}
}


@ARTICLE{Wang:2006B,
	author = {J. Wang and C.-I. Chang},
	title = {Applications of Independent Component Analysis in Endmember Extraction
	and Abundance Quantification for Hyperspectral Imagery},
	journal={IEEE Trans. Geosci. Remote Sens.},
	year = {2006},
	volume = {44},
	pages = {2601-2616},
	number = {9},
	month = sep,
	date-modified = {2008-05-06 17:39:22 -0400}
}

@ARTICLE{Chang:2010,
	author = {C.-I. Chang and C.-C. Wu and C.-S. Lo and M.-L. Chang},
	title = {Real-Time Simplex Growing Algorithms for Hyperspectral Endmember Extraction},
	journal={IEEE Trans. Geosci. Remote Sens.},
	year = {2010},
	volume = {48},
	pages = {1834-1850},
	number = {4},
	month = {April}
}

@ARTICLE{Craig:1994,
	author = {M.-D. Craig},
	title = {Minimum-Volume Transforms for Remotely Sensed Data},
	journal={IEEE Trans. Geosci. Remote Sens.},
	year = {1994},
	volume = {32},
	pages = {542-552},
	number = {3},
	month = {May}
}

@ARTICLE{Ifarraguerri:1999,
	author = {A. Ifarraguerri and C.-I. Chang},
	title = {Multispectral and Hyperspectral Image Analysis with Convex Cones},
	journal={IEEE Trans. Geosci. Remote Sens.},
	year = {1999},
	volume = {73},
	pages = {756-770},
	number = {2},
	month = {Mar.}
}

@ARTICLE{Nascimento:2005a,
	author = {Nascimento, J. M. P. and Bioucas Dias, J. M.},
	title = {Does independent component analysis play a role in unmixing hyperspectral
	data?},
	journal={IEEE Trans. Geosci. Remote Sens.},
	year = {2005},
	volume = {43},
	pages = {175-187},
	number = {1},
	bdsk-url-1 = {http://dx.doi.org/10.1109/TGRS.2004.839806},
	date-added = {2013-04-06 16:40:28 +0000},
	date-modified = {2013-04-06 16:40:28 +0000},
	doi = {10.1109/TGRS.2004.839806},
	issn = {0196-2892},
	keywords = {data acquisition;geophysical signal processing;geophysical techniques;image
	resolution;independent component analysis;remote sensing;spectral
	analysis;Gaussian mixture;correspondent abundance fraction;data acquisition;endmember
	spectra;hyperspectral data unmixing;hyperspectral source statistical
	dependence;independent component analysis;independent factor analysis;linear
	spectra mixture;noise immersion;signal-to-noise ratio;signature variability;spectrum
	vector;1f noise;Computational modeling;Data acquisition;Hyperspectral
	imaging;Independent component analysis;Mutual information;Partitioning
	algorithms;Scattering;Signal to noise ratio;Vectors}
}

@ARTICLE{Berman:2004,
	author = {M. Berman and others},
	title = {{ICE}: A Statistical Approach to Identifying Endmembers in Hyperspectral
	Images},
	journal={IEEE Trans. Geosci. Remote Sens.},
	year = {2004},
	volume = {42},
	pages = {2085-2095},
	month = {Oct.}
}

@ARTICLE{Jia:2009,
	author = {S. Jia and Y Qian},
	title = {Constrained Nonnegative Matrix Factorization for Hyperspectral Unmixing},
	journal={IEEE Trans. Geosci. Remote Sens.},
	year = {2009},
	volume = {47},
	pages = {161-173},
	number = {1},
	month = {Jan.}
}

@ARTICLE{Miao:2007,
	author = {L. Miao and H. Qi},
	title = {Endmember Extraction From Highly Mixed Data Using Minimum Volume
	Constrained Nonnegative Matrix Factorization},
	journal={IEEE Trans. Geosci. Remote Sens.},
	year = {2007},
	volume = {45},
	pages = {765-777},
	number = {3},
	month = {Mar.}}

@ARTICLE{Zare:2007,
	author = {A. Zare and P. Gader},
	title = {Sparsity Promoting Iterated Constrained Endmember Detection for Hyperspectral
	Imagery},
	journal = {IEEE Geosci. Remote Sens. Lett.},
	year = {2007},
	volume = {4},
	pages = {446-450},
	number = {3},
	month = {July}
}

@ARTICLE{Iordache:2011,
	author = {M.-D. Iordache and J. Bioucas-Dias and A. Plaza},
	title = {Sparse Unmixing of Hyperspectral Data},
	journal={IEEE Trans. Geosci. Remote Sens.},
	year = {2011},
	volume = {49},
	pages = {2014-2039},
	number = {6},
	month = {June}
}

@article{Zhong:2013,
	author={Zhong, Y. and Feng, R. and Zhang, L.},
	journal = {IEEE J. Sel. Topics Appl. Earth Observ. Remote Sens.},
	title={Non-Local Sparse Unmixing for Hyperspectral Remote Sensing Imagery},
	year={2014},
	month={June},
	volume = {7},
	pages = {1889-1909},
	number = {6},
}

@ARTICLE{Lu:2013,
	author={Lu, X. and others},
	journal={IEEE Trans. Geosci. Remote Sens.},
	title={Manifold Regularized Sparse {NMF} for Hyperspectral Unmixing},
	year={2013},
	volume={51},
	number={5},
	pages={2815-2826},
	keywords={Cost function;Hyperspectral imaging;Indexes;Manifolds;Materials;Sparse matrices;Hyperspectral unmixing;manifold regularization;mixed pixel;nonnegative matrix factorization (NMF)}}

@ARTICLE{Iordache:2012,
	author = {Iordache, M.-D. and Bioucas-Dias, J.M. and Plaza, A.},
	title = {Total Variation Spatial Regularization for Sparse Hyperspectral Unmixing},
	journal={IEEE Trans. Geosci. Remote Sens.},
	year = {2012},
	volume = {50},
	pages = {4484-4502},
	number = {11},
}

@ARTICLE{Chen:2013,
	author={F. Chen and Y. Zhang},
	journal = {IEEE Geosci. Remote Sens. Lett.},
	title={Sparse Hyperspectral Unmixing Based on Constrained $\ell _{p} - \ell _{2}$ Optimization},
	year={2013},
	volume={10},
	number={5},
	pages={1142-1146},
	doi={10.1109/LGRS.2012.2232901},
	ISSN={1545-598X},}

@ARTICLE{Shi:2013,
	author={Shi, Z. and Tang, W. and Duren, Z. and Jiang, Z.},
	journal={IEEE Trans. Geosci. Remote Sens.},
	title={Subspace Matching Pursuit for Sparse Unmixing of Hyperspectral Data},
	pages={3256-3274},
	year={2014},
	month={June},
	volume={52},
	number={6},
	doi={10.1109/TGRS.2013.2272076},
}

@ARTICLE{Plaza:2002,
	author = {A. Plaza and P. Martinez and R. Perez and J. Plaza},
	title = {Spatial/Spectral Endmember Extraction by Multidimensional Morphological
	Operators},
	journal={IEEE Trans. Geosci. Remote Sens.},
	year = {2002},
	volume = {40},
	pages = {2025-2041},
	number = {9},
	month = sep
}

@ARTICLE{Rogge:2007,
	author = {D. M. Rogge and B. Rivard and J. Zhang and A. Sanchez and J. Harris
	and J. Feng},
	title = {Integration of Spatial-Spectral Information for the Improved Extraction
	of Endmembers},
	journal = {Remote Sens. of Environment},
	year = {2007},
	volume = {110},
	pages = {287-303}
}

@INPROCEEDINGS{Zare:2010a,
	author={A. Zare and Bchir, O. and Frigui, H. and Gader, P.},
	booktitle={IEEE WHISPERS},
	title={Spatially-smooth piece-wise convex endmember detection},
	year={2010},
	pages = {1--4}
}

@INPROCEEDINGS{Zare:2011b,
	author={A. Zare and Gader, P.},
	booktitle={IEEE Int. Conf. Fuzzy Syst.},
	title={Piece-wise convex spatial-spectral unmixing of hyperspectral imagery using possibilistic and fuzzy clustering},
	year={2011},
	pages={741-746},
	keywords={face recognition;fuzzy set theory;image colour analysis;infrared spectroscopy;pattern clustering;visible spectroscopy;fuzzy clustering;hyperspectral imagery;imaging spectroscopy;material spectra;piecewise convex hyperspectral unmixing algorithm;possibilistic clustering;spatial image information;spatial-spectral unmixing algorithm;spectral image information;vis-NIR hyperspectral face imagery;Clustering algorithms;Equations;Hyperspectral imaging;Materials;Mathematical model;Signal processing algorithms;convex geometry model;endmember;fuzzy;hyperspectral;linear mixing;piece-wise convex;possibilistic;spectral unmixing},
	doi={10.1109/FUZZY.2011.6007622},
	ISSN={1098-7584},}

@article{Xu:2013,
	author={Xu, M. and Du, B. and Zhang, L.},
	journal = {IEEE J. Sel. Topics Appl. Earth Observ. Remote Sens.},
	title={Spatial-Spectral Information Based Abundance-Constrained Endmember Extraction Methods},
	year={2014},
	month={June},
	pages={1939-1404},
	volume={7},
	number={6},
	doi={10.1109/JSTARS.2013.2268661},
}

@book{Kay:1993,
	Author = {Kay, S. M},
	Date-Added = {2012-09-25 15:44:15 +0000},
	Date-Modified = {2012-09-25 15:45:46 +0000},
	Publisher = {Prentice-Hall},
	Title = {Fundamental of Statistical Signal Processing: Volume II -- Detection Theory},
	Year = {1993}}

@article{Kraut:1999,
	Author = {Kraut, S. and Scharf, L.L.},
	Journal = {IEEE Trans. Signal Process.},
	Month = {Sept.},
	Number = {9},
	Pages = {2538 -2541},
	Title = {The {CFAR} adaptive subspace detector is a scale-invariant {GLRT}},
	Volume = {47},
	Year = {1999}}

@book{Eismann:2012,
	Author = {Eismann, M. T.},
	Date-Added = {2012-09-25 14:41:59 +0000},
	Date-Modified = {2013-02-09 23:17:12 +0000},
	Publisher = {SPIE Press},
	Title = {Hyperspectral Remote Sensing},
	Year = {2012}}

@ARTICLE{Harsanyi:1994,
	author = {J. C. Harsanyi and C.-I. Chang},
	title = {Hyperspectral Image Classification and Dimensionality Reduction:
	An Orthogonal Subspace Projection Approach},
	journal={IEEE Trans. Geosci. Remote Sens.},
	year = {1994},
	volume = {32},
	pages = {779-785},
	number = {4},
	month = {July}
}

@inproceedings{Manolakis:2001a,
	Author = {Manolakis, D. and Siracusa, C. and Shaw, G.},
	Booktitle = {2001 IEEE Int. Conf. Acoustics, Speech, and Signal Process., 2001 (ICASSP '01)},
	Pages = {3153 -3156 vol.5},
	Title = {Adaptive matched subspace detectors for hyperspectral imaging applications},
	Volume = {5},
	Year = {2001},}

@ARTICLE{Broadwater:2007,
	author = {J. Broadwater and R. Chellappa},
	title = {Hybrid Detectors for Subpixel Targets},
	journal = {IEEE Trans. Pattern Anal. Mach. Intell.},
	year = {2007},
	volume = {29},
	pages = {1891-1903},
	number = {11},
	month = {Nov.}
}

@inproceedings{broadwater2004hybrid,
	title={A hybrid algorithm for subpixel detection in hyperspectral imagery},
	author={Broadwater, Joshua and Meth, Reuven and Chellappa, Rama},
	booktitle={Geoscience and Remote Sensing Symposium, 2004. IGARSS'04. Proceedings. 2004 IEEE International},
	volume={3},
	pages={1601--1604},
	year={2004},
	organization={IEEE}
}

@article{heinz2001fully,
	title={Fully constrained least squares linear spectral mixture analysis method for material quantification in hyperspectral imagery},
	author={Heinz, Daniel C and others},
	journal={IEEE transactions on geoscience and remote sensing},
	volume={39},
	number={3},
	pages={529--545},
	year={2001},
	publisher={IEEE}
}

@article{Johnson:2005,
	Author = {Johnson, S.},
	Journal = {IEEE Trans. Aerosp. Electron. Syst.},
	Month = {Jan.},
	Number = {1},
	Pages = {34 - 49},
	Title = {Family of constrained signal detectors for hyperspectral imagery},
	Volume = {41},
	Year = {2005},}

@article{Johnson:2002,
	Author = {Johnson, S.},
	journal={IEEE Trans. Geosci. Remote Sens.},
	Month = {Jun.},
	Number = {6},
	Pages = {1326 - 1337},
	Title = {The constrained signal detector},
	Volume = {40},
	Year = {2002},}



@ARTICLE{Maron:1998,
	author = {O. Maron and T. Lozano-Perez},
	title = {A framework for multiple-instance learning.},
	journal = {NIPS},
	year = {1998},
	volume = {10}
}

@inproceedings{maron1998multiple,
	title={Multiple-Instance Learning for Natural Scene Classification.},
	author={Maron, Oded and Ratan, Aparna Lakshmi},
	booktitle={ICML},
	volume={98},
	pages={341--349},
	year={1998}
}

@INPROCEEDINGS{Bolton:2010,
	author={Bolton, J. and Gader, P.},
	booktitle={IGARSS},
	title={Multiple instance learning for hyperspectral image analysis},
	year={2010},
	pages={4232-4235},}

@article{bolton:2011,
	title={Random set framework for multiple instance learning},
	author={Bolton, Jeremy and Gader, Paul and Frigui, Hichem and Torrione, Pete},
	journal={Inform. Sci.},
	volume={181},
	number={11},
	pages={2061--2070},
	year={2011},
	publisher={Elsevier}
}

@CONFERENCE{Raykar:2008,
	author = {Raykar, V.C. and Krishnapuram, B. and Bi, J. and Dundar, M. and Rao,
	R.B.},
	title = {{Bayesian multiple instance learning: automatic feature selection
	and inductive transfer}},
	booktitle = {ICML},
	year = {2008},
	pages = {808--815},
}


@ARTICLE{Zhang:2002,
	author = {Zhang, Q. and Goldman, S.A.},
	title = {{EM-DD: An improved multiple-instance learning technique}},
	journal = {NIPS},
	year = {2002},
	volume = {2},
	pages = {1073--1080},
	publisher = {MIT; 1998}
}

@article{press1992numerical,
	title={Numerical recipes in C: the art of scientific programming},
	author={Press, William H and Flannery, Brian P and Teukolsky, Saul A and Vetterling, William T},
	journal={Section},
	volume={10},
	pages={408--412},
	year={1992}
}


@inproceedings{winter1999n,
	title={N-FINDR: an algorithm for fast autonomous spectral end-member determination in hyperspectral data},
	author={Winter, Michael E},
	booktitle={SPIE's Int. Symp. Optical Sci., Eng., and Instrumentation},
	pages={266--275},
	year={1999},
	organization={International Society for Optics and Photonics}
}

@inproceedings{boardman1993automating,
	title={Automating spectral unmixing of AVIRIS data using convex geometry concepts},
	author={Boardman, Joseph W and others},
	booktitle={Summaries 4th Annu. JPL Airborne Geosci. Workshop},
	volume={1},
	pages={11--14},
	year={1993},
	organization={JPL Publication 93--26}
}

@inproceedings{boardman1995mapping,
	title={Mapping target signatures via partial unmixing of AVIRIS data},
	author={Boardman, Joseph W and Kruse, Fred A and Green, Robert O},
	booktitle={Summaries 5th JPL Airborne Earth Sci. Workshop},
	volume={1},
	pages={23--26},
	year={1995}
}

@article{green1988transformation,
	title={A transformation for ordering multispectral data in terms of image quality with implications for noise removal},
	author={Green, Andrew A and Berman, Mark and Switzer, Paul and Craig, Maurice D},
	journal={IEEE Trans. Geosci. Remote Sens.},
	volume={26},
	number={1},
	pages={65--74},
	year={1988},
	publisher={IEEE}
}

@inproceedings{neville1999automatic,
	title={Automatic endmember extraction from hyperspectral data for mineral exploration},
	author={Neville, RA and Staenz, K and Szeredi, T and Lefebvre, J and Hauff, P},
	booktitle={Proc. 21st Canadian Symp. Remote Sens.},
	pages={21--24},
	year={1999}
}



@article{ritter2009autonomous,
	title={Autonomous single-pass endmember approximation using lattice auto-associative memories},
	author={Ritter, Gerhard X and Urcid, Gonzalo and Schmalz, Mark S},
	journal={Neurocomputing},
	volume={72},
	number={10},
	pages={2101--2110},
	year={2009},
	publisher={Elsevier}
}

@article{ritter2011lattice,
	title={A lattice matrix method for hyperspectral image unmixing},
	author={Ritter, Gerhard X and Urcid, Gonzalo},
	journal={Inform. Sci.},
	volume={181},
	number={10},
	pages={1787--1803},
	year={2011},
	publisher={Elsevier}
}

@article{grana2009two,
	title={Two lattice computing approaches for the unsupervised segmentation of hyperspectral images},
	author={Gra{\~n}a, Manuel and Villaverde, Ivan and Maldonado, Jos{\'e} O and Hernandez, Carmen},
	journal={Neurocomputing},
	volume={72},
	number={10},
	pages={2111--2120},
	year={2009},
	publisher={Elsevier}
}

@article{zare:2010pce,
	title={PCE: Piecewise convex endmember detection},
	author={A. Zare and Gader, Paul},
	journal={IEEE Trans. Geosci. Remote Sens.},
	volume={48},
	number={6},
	pages={2620--2632},
	year={2010},
	publisher={IEEE}
}

@article{donoho:2006,
	title={Compressed sensing},
	author={Donoho, David L},
	journal={IEEE Trans. Inf. Theory},
	volume={52},
	number={4},
	pages={1289--1306},
	year={2006},
	publisher={IEEE}
}

@article{candes:2006,
	title={Stable signal recovery from incomplete and inaccurate measurements},
	author={Candes, Emmanuel J and Romberg, Justin K and Tao, Terence},
	journal={Commun. on Pure and Applied Math.},
	volume={59},
	number={8},
	pages={1207--1223},
	year={2006},
	publisher={Wiley Online Library}
}

@article{donoho:2003,
	title={Optimally sparse representation in general (nonorthogonal) dictionaries via ℓ1 minimization},
	author={Donoho, David L and Elad, Michael},
	journal={Proc. National Academy of Sci.},
	volume={100},
	number={5},
	pages={2197--2202},
	year={2003},
	publisher={National Acad Sciences}
}

@article{natarajan:1995,
	title={Sparse approximate solutions to linear systems},
	author={Natarajan, Balas Kausik},
	journal={SIAM J. on Computing},
	volume={24},
	number={2},
	pages={227--234},
	year={1995},
	publisher={SIAM}
}

@inproceedings{bioucas:2010,
	title={Alternating direction algorithms for constrained sparse regression: Application to hyperspectral unmixing},
	author={Bioucas-Dias, Jos{\'e} M and Figueiredo, M{\'a}rio AT},
	booktitle={Proc. IEEE GRSS Workshop Hyperspectral Image Signal Process.: Evolution in Remote Sens. (WHISPERS)},
	year={2010},
}

@inproceedings{guo:2009,
	title={L1 unmixing and its application to hyperspectral image enhancement},
	author={Guo, Zhaohui and Wittman, Todd and Osher, Stanley},
	booktitle={SPIE Defense, Security, and Sens.},
	pages={73341M--73341M},
	year={2009},
	organization={International Society for Optics and Photonics}
}

@INPROCEEDINGS{Zare:2011whispers,
	author={A. Zare and Gader, P. and Bolton, J. and Yuksel, S. and Dubroca, T. and Close, R. and Hummel, R.},
	booktitle={WHISPERS},
	title={Sub-pixel target spectra estimation and detection using functions of multiple instances},
	year={2011},
	pages={1--4}
}

@INPROCEEDINGS{Zare:2014whispers,
	author={Zare, A. and Jiao, C.},
	booktitle={WHISPERS},
	title={Extended functions of multiple instances for target characterization},
	year={2014},
	pages={1--4}
}

@inproceedings{Zare:2011spie,
	title={Multiclass subpixel target detection using functions of multiple instances},
	author={A. Zare and Gader, Paul},
	booktitle={SPIE Defense, Security, and Sens.},
	pages={804811},
	year={2011},
	organization={International Society for Optics and Photonics}
}

@inproceedings{Zare:2010icpr,
	title={Pattern recognition using functions of multiple instances},
	author={A. Zare and Gader, Paul},
	booktitle={ICPR},
	pages={1092--1095},
	year={2010},
}

@inproceedings{andrews:2002,
	title={Support vector machines for multiple-instance learning},
	author={Andrews, Stuart and Tsochantaridis, Ioannis and Hofmann, Thomas},
	booktitle={Advances in Neural Inform. Process. Syst.},
	pages={561--568},
	year={2002}
}

@article{psorakis:2010,
	title={Multiclass relevance vector machines: sparsity and accuracy},
	author={Psorakis, Ioannis and Damoulas, Theodoros and Girolami, Mark A},
	journal={IEEE Trans. Neural Netw.},
	volume={21},
	number={10},
	pages={1588--1598},
	year={2010},
	publisher={IEEE}
}

@article{aster:2009,
	title={The \uppercase{ASTER} spectral library version 2.0},
	author={Baldridge, AM and Hook, SJ and Grove, CI and Rivera, G},
	journal={Remote Sensing of Environment},
	volume={113},
	number={4},
	pages={711--715},
	year={2009},
	publisher={Elsevier}
}


@inproceedings{RIT:2012,
	title={The \uppercase{SHARE} 2012 data campaign},
	author={A. Giannandrea and others},
	booktitle={Proc. SPIE},
	pages={87430F},
	year={2013},
}


%*************************************************************************************eFUMI EMBC

@article{rantz2005technology,
	title={A technology and nursing collaboration to help older adults age in place},
	author={Rantz, Marilyn J and Marek, Karen Dorman and Aud, Myra and Tyrer, Harry W and Skubic, Marjorie and Demiris, George and Hussam, Ali},
	journal={Nursing Outlook},
	volume={53},
	number={1},
	pages={40--45},
	year={2005},
	publisher={Elsevier}
}

@inproceedings{rosales2012heartbeat,
	title={Heartbeat detection from a hydraulic bed sensor using a clustering approach},
	author={Rosales, Licet and Skubic, Marjorie and Heise, David and Devaney, Michael J and Schaumburg, Mark},
	booktitle={Engineering in Medicine and Biology Society (EMBC), 2012 Annual International Conference of the IEEE},
	pages={2383--2387},
	year={2012},
	organization={IEEE}
}

@inproceedings{heise2013non,
	title={Non-invasive measurement of heartbeat with a hydraulic bed sensor Progress, challenges, and opportunities},
	author={Heise, David and Rosales, Licet and Sheahen, Mary and Su, Bo-Yu and Skubic, Marjorie},
	booktitle={Instrumentation and Measurement Technology Conference (I2MTC), 2013 IEEE International},
	pages={397--402},
	year={2013},
	organization={IEEE}
}


@article{Zare:2015fumi,
	title={Functions of Multiple Instances for Learning Target Signatures},
	author={Jiao, Changzhe and Zare, Alina},
	journal={IEEE Transactions on Geoscience and Remote Sensing},
	volume={53},
	number={8},
	pages={4670 - 4686},
	year={2015},
	publisher={IEEE}
}

@article{starr1939studies,
	title={Studies on the estimation of cardiac ouptut in man, and of abnormalities in cardiac function, from the heart's recoil and the blood's impacts; the ballistocardiogram},
	author={Starr, Isaac and Rawson, AJ and Schroeder, HA and Joseph, NR},
	journal={American Journal of Physiology--Legacy Content},
	volume={127},
	number={1},
	pages={1--28},
	year={1939},
	publisher={Am Physiological Soc}
}

@inproceedings{heise2010monitoring,
	title={Monitoring pulse and respiration with a non-invasive hydraulic bed sensor},
	author={Heise, David and Skubic, Marjorie},
	booktitle={Engineering in Medicine and Biology Society (EMBC), 2010 Annual International Conference of the IEEE},
	pages={2119--2123},
	year={2010},
	organization={IEEE}
}

@article{pinheiro2010theory,
	title={Theory and developments in an unobtrusive cardiovascular system representation: ballistocardiography},
	author={Pinheiro, Eduardo and Postolache, Octavian and Gir{\~a}o, Pedro},
	journal={The open biomedical engineering journal},
	volume={4},
	pages={201},
	year={2010},
	publisher={Bentham Science Publishers}
}

@article{inan2015ballistocardiography,
	title={Ballistocardiography and seismocardiography: A review of recent advances},
	author={Inan, Omer T and Migeotte, Pierre-Francois and Park, Kwang-Suk and Etemadi, Mozziyar and Tavakolian, Kouhyar and Casanella, Ramon and Zanetti, John and Tank, Jens and Funtova, Irina and Prisk, G Kim and others},
	journal={Biomedical and Health Informatics, IEEE Journal of},
	volume={19},
	number={4},
	pages={1414--1427},
	year={2015},
	publisher={IEEE}
}

@article{gubner1953ballistocardiography,
	title={Ballistocardiography An Appraisal of Technic, Physiologic Principles, and Clinical Value},
	author={GUBNER, RICHARD S and RODSTEIN, MANUEL and UNGERLEIDER, HARRY E},
	journal={Circulation},
	volume={7},
	number={2},
	pages={268--286},
	year={1953},
	publisher={Am Heart Assoc}
}

@misc{aging,
	title = {Centers for Disease Control (CDC), Healthy places terminology},
	year={2013},
	note = {\url{http://www.cdc.gov/healthyplaces/terminology.htm}}
}

@article{wang2000solving,
	title={Solving multiple-instance problem: A lazy learning approach},
	author={Wang, Jun and Zucker, Jean-Daniel},
	year={2000},
	publisher={Morgan Kaufmann}
}

@inproceedings{zhou2007:MissSVM,
	title={On the relation between multi-instance learning and semi-supervised learning},
	author={Zhou, Zhi-Hua and Xu, Jun-Ming},
	booktitle={Proceedings of the 24th international conference on Machine learning},
	pages={1167--1174},
	year={2007},
	organization={ACM}
}



@inproceedings{gillis:2008,
	title={A generalized linear mixing model for hyperspectral imagery},
	author={Gillis, D. and others},
	booktitle={Proc. SPIE},
	volume={6966},
	pages={1--11},
	year={2008},
}


@article{du:2014pr,
	title={Target detection based on a dynamic subspace},
	author={B. Du and L. Zhang},
	journal={Pattern Recognition},
	volume={47},
	number={1},
	pages={344--358},
	year={2014},
	publisher={Elsevier}
}

@article{du:2014tgr,
	title={A Discriminative Metric Learning Based Anomaly Detection Method},
	author={B. Du and L. Zhang},
	journal={IEEE Trans. Geosci. Remote Sens.},
	volume={52},
	number={11},
	pages={6844--6857},
	year={2014},
	publisher={IEEE}
}

@article{zhao:2014jstars,
	title={A Robust Nonlinear Hyperspectral Anomaly Detection Approach},
	author={R. Zhao, B. Du and L. Zhang},
	journal = {IEEE J. Sel. Topics Appl. Earth Observ. and Remote Sens.},
	volume = {7},
	number = {4},
	pages = {1227-1234},
	year = {2014},
	month = {Apr.}
}

@article{manolakis:2003,
	title={Hyperspectral image processing for automatic target detection applications},
	author={Manolakis, Dimitris and Marden, David and Shaw, Gary A},
	journal={Lincoln Laboratory J.},
	volume={14},
	number={1},
	pages={79--116},
	year={2003}
}

@inproceedings{basener:2010clutter,
	title={Clutter and anomaly removal for enhanced target detection},
	author={Basener, William F},
	booktitle={Proc. SPIE},
	volume={7695},
	pages={769525},
	year={2010},
}


@PhdThesis{Glenn:2013,
	title = "{Context Dependent Detection in Hyperspectral Imagery}",
	author = "T. C. Glenn",
	school = "University of Florida",
	month = dec,
	year = "2013",
}

@article{nascimento:2005,
	title={Vertex component analysis: A fast algorithm to unmix hyperspectral data},
	author={Nascimento, Jos{\'e} MP and Dias, Jos{\'e} MB},
	journal={IEEE Trans. Geosci. Remote Sens.},
	volume={43},
	number={4},
	pages={898--910},
	year={2005},
	publisher={IEEE}
}


@misc{glenn_gulfport:2013,
	author = {Glenn, T. and A. Zare and Gader, P. and Dranishnikov, D.},
	title = {Bullwinkle: Scoring Code for Sub-pixel Targets (Version 1.0) [Software]},
	year={2013},
	note = {\url{http://engineers.missouri.edu/zarea/code/}}
}



@inproceedings{holzwarth:2003,
	title={HySens-\uppercase{DAIS} 7915/ROSIS imaging spectrometers at \uppercase{DLR}},
	author={Holzwarth, S. and others},
	booktitle={Proc. 3rd EARSel, Workshop on Imag. Spectrosc., Herrsching},
	pages={3--14},
	month={May},
	year={2003}
}

@article{Cortes:1995,
	title={Support vector machine},
	author={Cortes, Corinna and Vapnik, Vladimir},
	journal={Mach. learning},
	volume={20},
	number={3},
	pages={273--297},
	year={1995}
}

@article{Tipping:2001,
	title={Sparse Bayesian learning and the relevance vector machine},
	author={Tipping, Michael E},
	journal={J. Mach. Learning Research},
	volume={1},
	pages={211--244},
	year={2001},
	publisher={JMLR. org}
}

@article{Keller:1985,
	title={A fuzzy k-nearest neighbor algorithm},
	author={Keller, James M and Gray, Michael R and Givens, James A},
	journal={IEEE Trans. Syst., Man and Cybern.},
	number={4},
	pages={580--585},
	year={1985},
	publisher={IEEE}
}


@inproceedings{Dula:2013,
	title={Landmine classification using possibilistic K-nearest neighbors with wideband electromagnetic induction data},
	author={Dula, J and A. Zare and Ho, Dominic and Gader, P},
	booktitle={Proc. SPIE},
	year={2013},
	volume={8709},
	number={87091F},
}

@INPROCEEDINGS{Frigui:2006,
	author={Frigui, H. and Gader, P.},
	booktitle={IEEE Int. Conf. Fuzzy Syst.},
	title={Detection and Discrimination of Land Mines based on Edge Histogram Descriptors and Fuzzy K-Nearest Neighbors},
	year={2006},
	pages={1494-1499},
	keywords={data acquisition;feature extraction;fuzzy systems;ground penetrating radar;landmine detection;3-D array;GPR system;data acquisition;edge histogram descriptor;false alarm;feature extraction algorithm;fuzzy K-nearest neighbors;geographic location;ground penetrating radar;land mine detection;local edge distribution;outdoor test sites;prescreening algorithm;sensor data;subsurface anomalies;translation invariant features;Decision making;Feature extraction;Fuzzy logic;Fuzzy systems;Ground penetrating radar;Histograms;Landmine detection;Radar detection;Sensor phenomena and characterization;Sensor systems},
	doi={10.1109/FUZZY.2006.1681906},}

@ARTICLE{Frigui:2009,
	author={Frigui, H. and Gader, P.},
	journal={IEEE Trans. Fuzzy Syst.},
	title={Detection and Discrimination of Land Mines in Ground-Penetrating Radar Based on Edge Histogram Descriptors and a Possibilistic K-Nearest Neighbor Classifier},
	year={2009},
	volume={17},
	number={1},
	pages={185-199},
	keywords={feature extraction;ground penetrating radar;landmine detection;pattern classification;radar imaging;3D GPR signatures;anomaly detection;confidence assignment;edge histogram descriptors;feature extraction;ground penetrating radar;landmine detection;landmine discrimination;local edge distribution;possibilistic K-nearest neighbors;possibilistic k-nearest neighbor classifier;sensor data;training signatures;translation invariant features;Edge histogram descriptor;feature-based discrimination;land mine detection;possibilistic $K$ -nearest neighbor ($K$-NN)},
	doi={10.1109/TFUZZ.2008.2005249},
	ISSN={1063-6706},}

@article{Jordan:2002,
	title={On discriminative vs. generative classifiers: A comparison of logistic regression and naive \uppercase{B}ayes},
	author={Ng, A.Y. and Jordan, M.I.},
	journal={NIPS},
	volume={14},
	pages={841},
	year={2002}
}

@book{Bishop:2006,
	title={Pattern recognition and machine learning},
	author={Bishop, Christopher M and Nasrabadi, Nasser M},
	volume={1},
	year={2006},
	publisher={springer New York}
}

@ARTICLE{Bolton:2009,
	author={Bolton, J. and Gader, P.},
	journal={IEEE Trans. Geosci. Remote Sens.},
	title={Random Set Framework for Context-Based Classification With Hyperspectral Imagery},
	year={2009},
	volume={47},
	number={11},
	pages={3810-3821},
	keywords={geophysical signal processing;image classification;remote sensing;context based classification;feature space orientation;hyperspectral imagery;random set framework;remote sensing;spectra population distribution analysis;Concept drift;context-based classification;ensemble methods;environmental variability;hyperspectral imagery (HSI);random set framework (RSF)},
	doi={10.1109/TGRS.2009.2025497},
	ISSN={0196-2892},}

@INPROCEEDINGS{Jordan:1993,
	author={Jordan, M. and Jacobs, R.},
	booktitle={Proc. 1993 Int. Joint Conf. Neural Networks},
	title={Hierarchical mixtures of experts and the \uppercase{EM} algorithm},
	year={1993},
	volume={2},
	pages={1339-1344 vol.2},
	keywords={learning (artificial intelligence);maximum likelihood estimation;neural net architecture;expectation-maximization algorithm;experts;generalized linear models;hierarchical mixture model;maximum likelihood problem;neural nets;robot dynamics;statistical model;supervised learning;tree-structured architecture;Biological neural networks;Jacobian matrices;Machine learning algorithms;Mars;Orbital robotics;Partitioning algorithms;Psychology;Supervised learning;Surface fitting;Vectors},
	doi={10.1109/IJCNN.1993.716791},}

@ARTICLE{Yuksel:2012,
	author={Yuksel, S. and Wilson, J. and Gader, P.},
	journal={IEEE J. Neural Networks and Learning Syst.},
	title={Twenty Years of Mixture of Experts},
	year={2012},
	volume={23},
	number={8},
	pages={1177-1193},
	keywords={Gaussian processes;expectation-maximisation algorithm;expert systems;learning (artificial intelligence);pattern classification;public domain software;regression analysis;trees (mathematics);ME variational learning;classification models;expectation-maximization algorithm;localized ME training;mixture-of-Gaussian process experts;publicly-available datasets;publicly-available software;regression models;statistical properties;Bayesian methods;Data models;Decision trees;Gaussian processes;Hidden Markov models;Regression analysis;Support vector machines;Applications;Bayesian;classification;comparison;hierarchical mixture of experts (HME);mixture of Gaussian process experts;regression;statistical properties;survey;variational},
	doi={10.1109/TNNLS.2012.2200299},
	ISSN={2162-237X},}

@article{Breiman:2001,
	year={2001},
	issn={0885-6125},
	journal={Mach. Learning},
	volume={45},
	number={1},
	doi={10.1023/A:1010933404324},
	title={Random Forests},
	url={http://dx.doi.org/10.1023/A%3A1010933404324},
	publisher={Kluwer Academic Publishers},
	keywords={classification; regression; ensemble},
	author={Breiman, L.},
	pages={5-32},
	language={English}
}

@ARTICLE{Goin:1984,
	author={Goin, J.},
	journal={IEEE Trans. Pattern Anal. and Mach. Intell.},
	title={Classification Bias of the k-Nearest Neighbor Algorithm},
	year={1984},
	volume={PAMI-6},
	number={3},
	pages={379-381},
	keywords={Breast cancer;Cancer detection;Density functional theory;Distribution functions;Error analysis;Frequency estimation;Nearest neighbor searches;Pattern analysis;Performance analysis;Yield estimation;Analysis of class separation;error estimation;k-nearest neighbor classifier;nonparametric discrimination},
	doi={10.1109/TPAMI.1984.4767533},
	ISSN={0162-8828},}

@article{Ratsch:2001,
	year={2001},
	issn={0885-6125},
	journal={Mach. Learning},
	volume={42},
	number={3},
	doi={10.1023/A:1007618119488},
	title={Soft Margins for AdaBoost},
	url={http://dx.doi.org/10.1023/A%3A1007618119488},
	publisher={Kluwer Academic Publishers},
	keywords={ADABOOST; arcing; large margin; soft margin; classification; support vectors},
	author={Rätsch, G. and Onoda, T. and Müller, K.-R.},
	pages={287-320},
	language={English}
}

@ARTICLE{Frigui:2010,
	author={Frigui, H. and Lijun Zhang and Gader, P.},
	journal={IEEE Trans. Geosci. Remote Sens.},
	title={Context-Dependent Multisensor Fusion and Its Application to Land Mine Detection},
	year={2010},
	volume={48},
	number={6},
	pages={2528-2543},
	keywords={electromagnetic induction;ground penetrating radar;landmine detection;burial depth;classification methods;context-dependent multisensor fusion;electromagnetic induction;geographical site;ground-penetrating radar;land mine type;multialgorithm fusion method;multiple land mine detection algorithms;multisensor fusion method;soil conditions;weather conditions;wideband electromagnetic data;Electromagnetic induction (EMI);ground-penetrating radar (GPR);land mine detection;multialgorithm fusion;multisensor fusion},
	doi={10.1109/TGRS.2009.2039936},
	ISSN={0196-2892},}

@ARTICLE{5288526,
	author={Sinno Jialin Pan and Qiang Yang},
	journal={IEEE Trans. Knowl. Data Eng.},
	title={A Survey on Transfer Learning},
	year={2010},
	volume={22},
	number={10},
	pages={1345-1359},
	keywords={knowledge engineering;learning by example;optimisation;unsupervised learning;data mining;inductive transfer learning;knowledge transfer;machine learning;transductive transfer learning;unsupervised transfer learning;Data mining;Knowledge engineering;Knowledge transfer;Labeling;Learning systems;Machine learning;Machine learning algorithms;Space technology;Testing;Training data;Transfer learning;data mining.;machine learning;survey},
	doi={10.1109/TKDE.2009.191},
	ISSN={1041-4347},}

@article{daume2006domain,
	title={Domain Adaptation for Statistical Classifiers.},
	author={Daum{\'e} III, Hal and Marcu, Daniel},
	journal={J. Artif. Intell. Res.(JAIR)},
	volume={26},
	pages={101--126},
	year={2006}
}

@ARTICLE{6198883,
	author={Persello, C. and Bruzzone, L.},
	journal={IEEE Trans. Geosci. Remote Sens.},
	title={Active Learning for Domain Adaptation in the Supervised Classification of Remote Sensing Images},
	year={2012},
	volume={50},
	number={11},
	pages={4468-4483},
	keywords={geophysical image processing;geophysical techniques;image classification;remote sensing;active learning;classification system;domain adaptation problems;hyperspectral images;image supervised classification;operational applications;remote sensing images;source-domain samples;Hyperspectral imaging;Labeling;Support vector machines;Training;Active learning (AL);automatic classification;domain adaptation (DA);hyperspectral data;remote sensing;transfer learning},
	doi={10.1109/TGRS.2012.2192740},
	ISSN={0196-2892},}

@inproceedings{evgeniou2004regularized,
	title={Regularized multi--task learning},
	author={Evgeniou, Theodoros and Pontil, Massimiliano},
	booktitle={Proc. 10th ACM SIGKDD Int. Conf. Knowl. Discovery and Data Mining},
	pages={109--117},
	year={2004},
	organization={ACM}
}

@article{Dias:2012,
	author = {J. M. Bioucas-Dias and others},
	title = {Hyperspectral Unmixing Overview: Geometrical, Statistical, and Sparse Regression-Based Approaches},
	journal = {IEEE J. Sel. Topics Appl. Earth Observ. and Remote Sens.},
	volume = {5},
	number = {2},
	pages = {354-379},
	year = {2012},
	month = {Apr.}
}

@article{Keshava:2000,
	author = {N. Keshava and J. Kerekes and D. Manolakis and G. Shaw},
	title = {An Algorithm Taxonomy for Hyperspectral Unmixing},
	journal = {Proc. SPIE},
	volume = {4049},
	pages = {42--63},
	year = {2000},
}

@article{Keshava:2002,
	author = {N. Keshava and J. F. Mustard},
	title = {Spectral unmixing},
	journal = {IEEE Signal Process. Mag.},
	volume = {19},
	number = {1},
	pages = {44-57},
	year = {2002},
	month = {Jan.}
}

@article{Keshava:2009,
	author = {N. Keshava},
	title = {A Survey of Spectral Unmixing Algorithms},
	journal = {Lincoln Laboratory J.},
	volume = {14},
	number = {1},
	year = {2009},
}


@inproceedings{Parente:2010,
	title={Survey of geometric and statistical unmixing algorithms for hyperspectral images},
	author={Parente, Mario and Plaza, Antonio},
	booktitle={IEEE WHISPERS},
	pages={1--4},
	year={2010},
}


@article{Dias:2011,
	author = {J. M. Bioucas-Dias and A. Plaza},
	title = {An overview on hyperspectral unmixing: Geometrical, statistical, and sparse regression based approaches},
	journal = {IGARSS},
	year = {2011},
	pages = {1135-1138}
}

@ARTICLE{Chan:2011,
	author = {T.-H. Chan and W.K.-Ma and A. Ambikapathi and C.-Y. Chi},
	title = {A Simplex Volume Maximization Framework for Hyperspectral Endmember Extraction},
	journal={IEEE Trans. Geosci. Remote Sens.},
	year = {2011},
	volume = {49},
	pages = {4177-4193},
	number = {11},
	month = {June}
}


@ARTICLE{Wang:2006B,
	author = {J. Wang and C.-I. Chang},
	title = {Applications of Independent Component Analysis in Endmember Extraction
	and Abundance Quantification for Hyperspectral Imagery},
	journal={IEEE Trans. Geosci. Remote Sens.},
	year = {2006},
	volume = {44},
	pages = {2601-2616},
	number = {9},
	month = sep,
	date-modified = {2008-05-06 17:39:22 -0400}
}

@ARTICLE{Chang:2010,
	author = {C.-I. Chang and C.-C. Wu and C.-S. Lo and M.-L. Chang},
	title = {Real-Time Simplex Growing Algorithms for Hyperspectral Endmember Extraction},
	journal={IEEE Trans. Geosci. Remote Sens.},
	year = {2010},
	volume = {48},
	pages = {1834-1850},
	number = {4},
	month = {April}
}

@ARTICLE{Craig:1994,
	author = {M.-D. Craig},
	title = {Minimum-Volume Transforms for Remotely Sensed Data},
	journal={IEEE Trans. Geosci. Remote Sens.},
	year = {1994},
	volume = {32},
	pages = {542-552},
	number = {3},
	month = {May}
}

@ARTICLE{Ifarraguerri:1999,
	author = {A. Ifarraguerri and C.-I. Chang},
	title = {Multispectral and Hyperspectral Image Analysis with Convex Cones},
	journal={IEEE Trans. Geosci. Remote Sens.},
	year = {1999},
	volume = {73},
	pages = {756-770},
	number = {2},
	month = {Mar.}
}

@ARTICLE{Nascimento:2005a,
	author = {Nascimento, J. M. P. and Bioucas Dias, J. M.},
	title = {Does independent component analysis play a role in unmixing hyperspectral
	data?},
	journal={IEEE Trans. Geosci. Remote Sens.},
	year = {2005},
	volume = {43},
	pages = {175-187},
	number = {1},
	bdsk-url-1 = {http://dx.doi.org/10.1109/TGRS.2004.839806},
	date-added = {2013-04-06 16:40:28 +0000},
	date-modified = {2013-04-06 16:40:28 +0000},
	doi = {10.1109/TGRS.2004.839806},
	issn = {0196-2892},
	keywords = {data acquisition;geophysical signal processing;geophysical techniques;image
	resolution;independent component analysis;remote sensing;spectral
	analysis;Gaussian mixture;correspondent abundance fraction;data acquisition;endmember
	spectra;hyperspectral data unmixing;hyperspectral source statistical
	dependence;independent component analysis;independent factor analysis;linear
	spectra mixture;noise immersion;signal-to-noise ratio;signature variability;spectrum
	vector;1f noise;Computational modeling;Data acquisition;Hyperspectral
	imaging;Independent component analysis;Mutual information;Partitioning
	algorithms;Scattering;Signal to noise ratio;Vectors}
}

@ARTICLE{Berman:2004,
	author = {M. Berman and others},
	title = {{ICE}: A Statistical Approach to Identifying Endmembers in Hyperspectral
	Images},
	journal={IEEE Trans. Geosci. Remote Sens.},
	year = {2004},
	volume = {42},
	pages = {2085-2095},
	month = {Oct.}
}

@ARTICLE{Jia:2009,
	author = {S. Jia and Y Qian},
	title = {Constrained Nonnegative Matrix Factorization for Hyperspectral Unmixing},
	journal={IEEE Trans. Geosci. Remote Sens.},
	year = {2009},
	volume = {47},
	pages = {161-173},
	number = {1},
	month = {Jan.}
}

@ARTICLE{Miao:2007,
	author = {L. Miao and H. Qi},
	title = {Endmember Extraction From Highly Mixed Data Using Minimum Volume
	Constrained Nonnegative Matrix Factorization},
	journal={IEEE Trans. Geosci. Remote Sens.},
	year = {2007},
	volume = {45},
	pages = {765-777},
	number = {3},
	month = {Mar.}}

@ARTICLE{Zare:2007,
	author = {A. Zare and P. Gader},
	title = {Sparsity Promoting Iterated Constrained Endmember Detection for Hyperspectral
	Imagery},
	journal = {IEEE Geosci. Remote Sens. Lett.},
	year = {2007},
	volume = {4},
	pages = {446-450},
	number = {3},
	month = {July}
}

@ARTICLE{Iordache:2011,
	author = {M.-D. Iordache and J. Bioucas-Dias and A. Plaza},
	title = {Sparse Unmixing of Hyperspectral Data},
	journal={IEEE Trans. Geosci. Remote Sens.},
	year = {2011},
	volume = {49},
	pages = {2014-2039},
	number = {6},
	month = {June}
}

@article{Zhong:2013,
	author={Zhong, Y. and Feng, R. and Zhang, L.},
	journal = {IEEE J. Sel. Topics Appl. Earth Observ. Remote Sens.},
	title={Non-Local Sparse Unmixing for Hyperspectral Remote Sensing Imagery},
	year={2014},
	month={June},
	volume = {7},
	pages = {1889-1909},
	number = {6},
}

@ARTICLE{Lu:2013,
	author={Lu, X. and others},
	journal={IEEE Trans. Geosci. Remote Sens.},
	title={Manifold Regularized Sparse {NMF} for Hyperspectral Unmixing},
	year={2013},
	volume={51},
	number={5},
	pages={2815-2826},
	keywords={Cost function;Hyperspectral imaging;Indexes;Manifolds;Materials;Sparse matrices;Hyperspectral unmixing;manifold regularization;mixed pixel;nonnegative matrix factorization (NMF)}}

@ARTICLE{Iordache:2012,
	author = {Iordache, M.-D. and Bioucas-Dias, J.M. and Plaza, A.},
	title = {Total Variation Spatial Regularization for Sparse Hyperspectral Unmixing},
	journal={IEEE Trans. Geosci. Remote Sens.},
	year = {2012},
	volume = {50},
	pages = {4484-4502},
	number = {11},
}

@ARTICLE{Chen:2013,
	author={F. Chen and Y. Zhang},
	journal = {IEEE Geosci. Remote Sens. Lett.},
	title={Sparse Hyperspectral Unmixing Based on Constrained $\ell _{p} - \ell _{2}$ Optimization},
	year={2013},
	volume={10},
	number={5},
	pages={1142-1146},
	doi={10.1109/LGRS.2012.2232901},
	ISSN={1545-598X},}

@ARTICLE{Shi:2013,
	author={Shi, Z. and Tang, W. and Duren, Z. and Jiang, Z.},
	journal={IEEE Trans. Geosci. Remote Sens.},
	title={Subspace Matching Pursuit for Sparse Unmixing of Hyperspectral Data},
	pages={3256-3274},
	year={2014},
	month={June},
	volume={52},
	number={6},
	doi={10.1109/TGRS.2013.2272076},
}

@ARTICLE{Plaza:2002,
	author = {A. Plaza and P. Martinez and R. Perez and J. Plaza},
	title = {Spatial/Spectral Endmember Extraction by Multidimensional Morphological
	Operators},
	journal={IEEE Trans. Geosci. Remote Sens.},
	year = {2002},
	volume = {40},
	pages = {2025-2041},
	number = {9},
	month = sep
}

@ARTICLE{Rogge:2007,
	author = {D. M. Rogge and B. Rivard and J. Zhang and A. Sanchez and J. Harris
	and J. Feng},
	title = {Integration of Spatial-Spectral Information for the Improved Extraction
	of Endmembers},
	journal = {Remote Sens. of Environment},
	year = {2007},
	volume = {110},
	pages = {287-303}
}

@INPROCEEDINGS{Zare:2010a,
	author={A. Zare and Bchir, O. and Frigui, H. and Gader, P.},
	booktitle={IEEE WHISPERS},
	title={Spatially-smooth piece-wise convex endmember detection},
	year={2010},
	pages = {1--4}
}

@INPROCEEDINGS{Zare:2011b,
	author={A. Zare and Gader, P.},
	booktitle={IEEE Int. Conf. Fuzzy Syst.},
	title={Piece-wise convex spatial-spectral unmixing of hyperspectral imagery using possibilistic and fuzzy clustering},
	year={2011},
	pages={741-746},
	keywords={face recognition;fuzzy set theory;image colour analysis;infrared spectroscopy;pattern clustering;visible spectroscopy;fuzzy clustering;hyperspectral imagery;imaging spectroscopy;material spectra;piecewise convex hyperspectral unmixing algorithm;possibilistic clustering;spatial image information;spatial-spectral unmixing algorithm;spectral image information;vis-NIR hyperspectral face imagery;Clustering algorithms;Equations;Hyperspectral imaging;Materials;Mathematical model;Signal processing algorithms;convex geometry model;endmember;fuzzy;hyperspectral;linear mixing;piece-wise convex;possibilistic;spectral unmixing},
	doi={10.1109/FUZZY.2011.6007622},
	ISSN={1098-7584},}

@article{Xu:2013,
	author={Xu, M. and Du, B. and Zhang, L.},
	journal = {IEEE J. Sel. Topics Appl. Earth Observ. Remote Sens.},
	title={Spatial-Spectral Information Based Abundance-Constrained Endmember Extraction Methods},
	year={2014},
	month={June},
	pages={1939-1404},
	volume={7},
	number={6},
	doi={10.1109/JSTARS.2013.2268661},
}

@book{Kay:1993,
	Author = {Kay, S. M},
	Date-Added = {2012-09-25 15:44:15 +0000},
	Date-Modified = {2012-09-25 15:45:46 +0000},
	Publisher = {Prentice-Hall},
	Title = {Fundamental of Statistical Signal Processing: Volume II -- Detection Theory},
	Year = {1993}}

@article{Kraut:1999,
	Author = {Kraut, S. and Scharf, L.L.},
	Journal = {IEEE Trans. Signal Process.},
	Month = {Sept.},
	Number = {9},
	Pages = {2538 -2541},
	Title = {The {CFAR} adaptive subspace detector is a scale-invariant {GLRT}},
	Volume = {47},
	Year = {1999}}

@book{Eismann:2012,
	Author = {Eismann, M. T.},
	Date-Added = {2012-09-25 14:41:59 +0000},
	Date-Modified = {2013-02-09 23:17:12 +0000},
	Publisher = {SPIE Press},
	Title = {Hyperspectral Remote Sensing},
	Year = {2012}}

@ARTICLE{Harsanyi:1994,
	author = {J. C. Harsanyi and C.-I. Chang},
	title = {Hyperspectral Image Classification and Dimensionality Reduction:
	An Orthogonal Subspace Projection Approach},
	journal={IEEE Trans. Geosci. Remote Sens.},
	year = {1994},
	volume = {32},
	pages = {779-785},
	number = {4},
	month = {July}
}

@inproceedings{Manolakis:2001a,
	Author = {Manolakis, D. and Siracusa, C. and Shaw, G.},
	Booktitle = {2001 IEEE Int. Conf. Acoustics, Speech, and Signal Process., 2001 (ICASSP '01)},
	Pages = {3153 -3156 vol.5},
	Title = {Adaptive matched subspace detectors for hyperspectral imaging applications},
	Volume = {5},
	Year = {2001},}


@article{Johnson:2005,
	Author = {Johnson, S.},
	Journal = {IEEE Trans. Aerosp. Electron. Syst.},
	Month = {Jan.},
	Number = {1},
	Pages = {34 - 49},
	Title = {Family of constrained signal detectors for hyperspectral imagery},
	Volume = {41},
	Year = {2005},}

@article{Johnson:2002,
	Author = {Johnson, S.},
	journal={IEEE Trans. Geosci. Remote Sens.},
	Month = {Jun.},
	Number = {6},
	Pages = {1326 - 1337},
	Title = {The constrained signal detector},
	Volume = {40},
	Year = {2002},}

@INPROCEEDINGS{Bolton:2010,
	author={Bolton, J. and Gader, P.},
	booktitle={IGARSS},
	title={Multiple instance learning for hyperspectral image analysis},
	year={2010},
	pages={4232-4235},}

@article{bolton:2011,
	title={Random set framework for multiple instance learning},
	author={Bolton, Jeremy and Gader, Paul and Frigui, Hichem and Torrione, Pete},
	journal={Inform. Sci.},
	volume={181},
	number={11},
	pages={2061--2070},
	year={2011},
	publisher={Elsevier}
}

@CONFERENCE{Raykar:2008,
	author = {Raykar, V.C. and Krishnapuram, B. and Bi, J. and Dundar, M. and Rao,
	R.B.},
	title = {{Bayesian multiple instance learning: automatic feature selection
	and inductive transfer}},
	booktitle = {ICML},
	year = {2008},
	pages = {808--815},
}


@ARTICLE{Zhang:2002,
	author = {Zhang, Q. and Goldman, S.A.},
	title = {{EM-DD: An improved multiple-instance learning technique}},
	journal = {NIPS},
	year = {2002},
	volume = {2},
	pages = {1073--1080},
	publisher = {MIT; 1998}
}



@inproceedings{winter1999n,
	title={N-FINDR: an algorithm for fast autonomous spectral end-member determination in hyperspectral data},
	author={Winter, Michael E},
	booktitle={SPIE's Int. Symp. Optical Sci., Eng., and Instrumentation},
	pages={266--275},
	year={1999},
	organization={International Society for Optics and Photonics}
}

@inproceedings{boardman1993automating,
	title={Automating spectral unmixing of AVIRIS data using convex geometry concepts},
	author={Boardman, Joseph W and others},
	booktitle={Summaries 4th Annu. JPL Airborne Geosci. Workshop},
	volume={1},
	pages={11--14},
	year={1993},
	organization={JPL Publication 93--26}
}

@inproceedings{boardman1995mapping,
	title={Mapping target signatures via partial unmixing of AVIRIS data},
	author={Boardman, Joseph W and Kruse, Fred A and Green, Robert O},
	booktitle={Summaries 5th JPL Airborne Earth Sci. Workshop},
	volume={1},
	pages={23--26},
	year={1995}
}

@article{green1988transformation,
	title={A transformation for ordering multispectral data in terms of image quality with implications for noise removal},
	author={Green, Andrew A and Berman, Mark and Switzer, Paul and Craig, Maurice D},
	journal={IEEE Trans. Geosci. Remote Sens.},
	volume={26},
	number={1},
	pages={65--74},
	year={1988},
	publisher={IEEE}
}

@inproceedings{neville1999automatic,
	title={Automatic endmember extraction from hyperspectral data for mineral exploration},
	author={Neville, RA and Staenz, K and Szeredi, T and Lefebvre, J and Hauff, P},
	booktitle={Proc. 21st Canadian Symp. Remote Sens.},
	pages={21--24},
	year={1999}
}



@article{ritter2009autonomous,
	title={Autonomous single-pass endmember approximation using lattice auto-associative memories},
	author={Ritter, Gerhard X and Urcid, Gonzalo and Schmalz, Mark S},
	journal={Neurocomputing},
	volume={72},
	number={10},
	pages={2101--2110},
	year={2009},
	publisher={Elsevier}
}

@article{ritter2011lattice,
	title={A lattice matrix method for hyperspectral image unmixing},
	author={Ritter, Gerhard X and Urcid, Gonzalo},
	journal={Inform. Sci.},
	volume={181},
	number={10},
	pages={1787--1803},
	year={2011},
	publisher={Elsevier}
}

@article{grana2009two,
	title={Two lattice computing approaches for the unsupervised segmentation of hyperspectral images},
	author={Gra{\~n}a, Manuel and Villaverde, Ivan and Maldonado, Jos{\'e} O and Hernandez, Carmen},
	journal={Neurocomputing},
	volume={72},
	number={10},
	pages={2111--2120},
	year={2009},
	publisher={Elsevier}
}

@article{zare:2010pce,
	title={PCE: Piecewise convex endmember detection},
	author={A. Zare and Gader, Paul},
	journal={IEEE Trans. Geosci. Remote Sens.},
	volume={48},
	number={6},
	pages={2620--2632},
	year={2010},
	publisher={IEEE}
}

@article{donoho:2006,
	title={Compressed sensing},
	author={Donoho, David L},
	journal={IEEE Trans. Inf. Theory},
	volume={52},
	number={4},
	pages={1289--1306},
	year={2006},
	publisher={IEEE}
}

@article{candes:2006,
	title={Stable signal recovery from incomplete and inaccurate measurements},
	author={Candes, Emmanuel J and Romberg, Justin K and Tao, Terence},
	journal={Commun. on Pure and Applied Math.},
	volume={59},
	number={8},
	pages={1207--1223},
	year={2006},
	publisher={Wiley Online Library}
}

@article{tropp2007signal,
	title={Signal recovery from random measurements via orthogonal matching pursuit},
	author={Tropp, Joel A and Gilbert, Anna C},
	journal={IEEE Transactions on information theory},
	volume={53},
	number={12},
	pages={4655--4666},
	year={2007},
	publisher={IEEE}
}

@inproceedings{pati1993orthogonal,
	title={Orthogonal matching pursuit: Recursive function approximation with applications to wavelet decomposition},
	author={Pati, Yagyensh Chandra and Rezaiifar, Ramin and Krishnaprasad, PS},
	booktitle={Signals, Systems and Computers, 1993. 1993 Conference Record of The Twenty-Seventh Asilomar Conference on},
	pages={40--44},
	year={1993},
	organization={IEEE}
}

@article{natarajan:1995,
	title={Sparse approximate solutions to linear systems},
	author={Natarajan, Balas Kausik},
	journal={SIAM J. on Computing},
	volume={24},
	number={2},
	pages={227--234},
	year={1995},
	publisher={SIAM}
}

@inproceedings{bioucas:2010,
	title={Alternating direction algorithms for constrained sparse regression: Application to hyperspectral unmixing},
	author={Bioucas-Dias, Jos{\'e} M and Figueiredo, M{\'a}rio AT},
	booktitle={Proc. IEEE GRSS Workshop Hyperspectral Image Signal Process.: Evolution in Remote Sens. (WHISPERS)},
	year={2010},
}

@inproceedings{guo:2009,
	title={L1 unmixing and its application to hyperspectral image enhancement},
	author={Guo, Zhaohui and Wittman, Todd and Osher, Stanley},
	booktitle={SPIE Defense, Security, and Sens.},
	pages={73341M--73341M},
	year={2009},
	organization={International Society for Optics and Photonics}
}

@INPROCEEDINGS{Zare:2011whispers,
	author={A. Zare and Gader, P. and Bolton, J. and Yuksel, S. and Dubroca, T. and Close, R. and Hummel, R.},
	booktitle={WHISPERS},
	title={Sub-pixel target spectra estimation and detection using functions of multiple instances},
	year={2011},
	pages={1--4}
}

@INPROCEEDINGS{Zare:2014whispers,
	author={Zare, A. and Jiao, C.},
	booktitle={WHISPERS},
	title={Extended functions of multiple instances for target characterization},
	year={2014},
	pages={1--4}
}

@inproceedings{Zare:2011spie,
	title={Multiclass subpixel target detection using functions of multiple instances},
	author={A. Zare and Gader, Paul},
	booktitle={SPIE Defense, Security, and Sens.},
	pages={804811},
	year={2011},
	organization={International Society for Optics and Photonics}
}

@inproceedings{Zare:2010icpr,
	title={Pattern recognition using functions of multiple instances},
	author={A. Zare and Gader, Paul},
	booktitle={ICPR},
	pages={1092--1095},
	year={2010},
}

@inproceedings{andrews:2002,
	title={Support vector machines for multiple-instance learning},
	author={Andrews, Stuart and Tsochantaridis, Ioannis and Hofmann, Thomas},
	booktitle={Advances in Neural Inform. Process. Syst.},
	pages={561--568},
	year={2002}
}

@article{psorakis:2010,
	title={Multiclass relevance vector machines: sparsity and accuracy},
	author={Psorakis, Ioannis and Damoulas, Theodoros and Girolami, Mark A},
	journal={IEEE Trans. Neural Netw.},
	volume={21},
	number={10},
	pages={1588--1598},
	year={2010},
	publisher={IEEE}
}

@article{aster:2009,
	title={The \uppercase{ASTER} spectral library version 2.0},
	author={Baldridge, AM and Hook, SJ and Grove, CI and Rivera, G},
	journal={Remote Sensing of Environment},
	volume={113},
	number={4},
	pages={711--715},
	year={2009},
	publisher={Elsevier}
}


@inproceedings{RIT:2012,
	title={The \uppercase{SHARE} 2012 data campaign},
	author={A. Giannandrea and others},
	booktitle={Proc. SPIE},
	pages={87430F},
	year={2013},
}

%*************************************************************************************DLFUMI ICPR

@article{mairal2010online,
	title={Online learning for matrix factorization and sparse coding},
	author={Mairal, Julien and Bach, Francis and Ponce, Jean and Sapiro, Guillermo},
	journal={Journal of Machine Learning Research},
	volume={11},
	pages={19--60},
	year={2010},
	publisher={JMLR. org}
}

@book{bertsekas1999nonlinear,
	title={Nonlinear Programming},
	author={Bertsekas, Dimitri P},
	year={1999},
	publish={Athena Scientific},
	publisher={Athena Scientific}
}

@article{lecun1989backpropagation,
	title={Backpropagation applied to handwritten zip code recognition},
	author={LeCun, Yann and Boser, Bernhard and Denker, John S and Henderson, Donnie and Howard, Richard E and Hubbard, Wayne and Jackel, Lawrence D},
	journal={Neural computation},
	volume={1},
	number={4},
	pages={541--551},
	year={1989},
	publisher={MIT Press}
}

@article{gader1996automatic,
	title={Automatic feature generation for handwritten digit recognition},
	author={Gader, Paul D and Khabou, Mohamed Ali},
	journal={IEEE Transactions on attern Analysis and Machine Intelligence},
	volume={18},
	number={12},
	pages={1256--1261},
	year={1996},
	publisher={IEEE}
}
@incollection{zhou2003ensembles,
	title={Ensembles of multi-instance learners},
	author={Zhou, Zhi-Hua and Zhang, Min-Ling},
	booktitle={European Conference on Machine Learning},
	pages={492--502},
	year={2003},
	publisher={Springer}
}

@inproceedings{zhou2007:MissSVM,
	title={On the relation between multi-instance learning and semi-supervised learning},
	author={Zhou, Zhi-Hua and Xu, Jun-Ming},
	booktitle={International conference on Machine learning},
	pages={1167--1174},
	year={2007},
	organization={ACM}
}


@book{facchinei2007finite,
	title={Finite-dimensional variational inequalities and complementarity problems},
	author={Facchinei, Francisco and Pang, Jong-Shi},
	year={2007},
	publisher={Springer Science \& Business Media}
}

@article{figueiredo2003algorithm,
	title={An EM algorithm for wavelet-based image restoration},
	author={Figueiredo, M{\'a}rio AT and Nowak, Robert D},
	journal={IEEE Transactions on Image Processing},
	volume={12},
	number={8},
	pages={906--916},
	year={2003},
	publisher={IEEE}
}

@article{daubechies2003iterative,
	title={An iterative thresholding algorithm for linear inverse problems with a sparsity constraint},
	author={Daubechies, Ingrid and Defrise, Michel and De Mol, Christine},
	journal={Communications on Pure and Applied Mathematics},
	volume={57},
	pages={1413--1457},
	year={2004}
}

@article{martinez1998ar,
	title={The AR face database},
	author={Mart{\'\i}nez, Aleix M},
	journal={CVC Technical Report},
	volume={24},
	year={1998}
}

@article{martinez2001pca,
	title={Pca versus lda},
	author={Mart{\'\i}nez, Aleix M and Kak, Avinash C},
	journal={IEEE Transactions on Pattern Analysis and Machine Intelligence},
	volume={23},
	number={2},
	pages={228--233},
	year={2001},
	publisher={IEEE}
}

@inproceedings{leistner2010miforests,
	title={Miforests: multiple-instance learning with randomized trees},
	author={Leistner, Christian and Saffari, Amir and Bischof, Horst},
	booktitle={European Conference on Computer Vision},
	pages={29--42},
	year={2010},
	publisher={Springer}
}

@article{friedman2007block,
	title={Pathwise coordinate optimization},
	author={Friedman, Jerome and Hastie, Trevor and H{\"o}fling, Holger and Tibshirani, Robert and others},
	journal={The Annals of Applied Statistics},
	volume={1},
	number={2},
	pages={302--332},
	year={2007},
	publisher={Institute of Mathematical Statistics}
}

@inproceedings{wang2013max,
	title={Max-margin multiple-instance dictionary learning},
	author={Wang, Xinggang and Wang, Baoyuan and Bai, Xiang and Liu, Wenyu and Tu, Zhuowen},
	booktitle={International Conference on Machine Learning},
	pages={846--854},
	year={2013}
}

@article{shrivastava2014non,
	title={Non-linear dictionary learning with partially labeled data},
	author={Shrivastava, Ashish and Patel, Vishal M and Chellappa, Rama},
	journal={Pattern Recognition},
	year={2014},
	publisher={Elsevier}
}

@article{shrivastava2015gen,
	title={Generalized Dictionaries for Multiple Instance Learning},
	author={Shrivastava, Ashish and Patel, Vishal M and Pillai, jaishanker K and Chellappa, Rama},
	journal={International Journal of Computer Vision},
	volume={114},
	number={2},
	pages={288--305},
	month={Septmber},
	year={2015},
	
	publisher={Springer}
}

@inproceedings{shrivastava2014dictionary,
	title={Dictionary-based multiple instance learning},
	author={Shrivastava, Ashish and Pillai, Jaishanker K and Patel, Vishal M and Chellappa, Rama},
	booktitle={IEEE International Conference on Image Processing},
	pages={160--164},
	year={2014},
}

@inproceedings{chen2013dictionary,
	title={Dictionary learning from ambiguously labeled data},
	author={Chen, Yi-Chen and Patel, Vishal M and Pillai, Jaishanker K and Chellappa, Rama and Phillips, Jonathon},
	booktitle={IEEE Conference on Computer Vision and Pattern Recognition},
	pages={353--360},
	year={2013},
	organization={IEEE}
}


@InProceedings{Kuzborskij_2013_from,
	author = {Kuzborskij, Ilja and Orabona, Francesco and Caputo, Barbara},
	title = {From N to N+1: Multiclass Transfer Incremental Learning},
	booktitle = {IEEE Conference on Computer Vision and Pattern Recognition},
	month = {June},
	year = {2013}
}

@inproceedings{wang2014adaptive,
	title={Adaptive knowledge transfer for multiple instance learning in image classification},
	author={Wang, Qifan and Ruan, Lingyun and Si, Luo},
	booktitle={AAAI Conference on Artificial Intelligence},
	year={2014}
}


@InProceedings{Ali_2014_confidence,
	author = {Ali, Karim and Saenko, Kate},
	title = {Confidence-Rated Multiple Instance Boosting for Object Detection},
	booktitle = {IEEE Conference on Computer Vision and Pattern Recognition},
	month = {June},
	year = {2014}
}


@InProceedings{Cinbis_2014_multi,
	author = {Gokberk Cinbis, Ramazan and Verbeek, Jakob and Schmid, Cordelia},
	title = {Multi-fold MIL Training for Weakly Supervised Object Localization},
	booktitle = {IEEE Conference on Computer Vision and Pattern Recognition},
	month = {June},
	year = {2014}
}

@InProceedings{Hoffman_2015_detector,
	author = {Hoffman, Judy and Pathak, Deepak and Darrell, Trevor and Saenko, Kate},
	title = {Detector Discovery in the Wild: Joint Multiple Instance and Representation Learning},
	booktitle = {IEEE Conference on Computer Vision and Pattern Recognition},
	month = {June},
	year = {2015}
}

@InProceedings{Wu_2015_deep,
	author = {Wu, Jiajun and Yu, Yinan and Huang, Chang and Yu, Kai},
	title = {Deep Multiple Instance Learning for Image Classification and Auto-Annotation},
	booktitle = {IEEE Conference on Computer Vision and Pattern Recognition},
	month = {June},
	year = {2015}
}

@InProceedings{Li_2015_multiple,
	author = {Li, Weixin and Vasconcelos, Nuno},
	title = {Multiple Instance Learning for Soft Bags via Top Instances},
	booktitle = {IEEE Conference on Computer Vision and Pattern Recognition},
	month = {June},
	year = {2015}
}

@InProceedings{Rastegari_2015_discriminative,
	author = {Rastegari, Mohammad and Hajishirzi, Hannaneh and Farhadi, Ali},
	title = {Discriminative and Consistent Similarities in Instance-Level Multiple Instance Learning},
	booktitle = {IEEE Conference on Computer Vision and Pattern Recognition},
	month = {June},
	year = {2015}
}

@inproceedings{zhou2009multi,
	title={Multi-instance learning by treating instances as non-iid samples},
	author={Zhou, Zhi-Hua and Sun, Yu-Yin and Li, Yu-Feng},
	booktitle={International Conference on Machine Learning},
	pages={1249--1256},
	year={2009},
	organization={ACM}
}

@article{fu2011milis,
	title={Milis: Multiple instance learning with instance selection},
	author={Fu, Zhouyu and Robles-Kelly, Antonio and Zhou, Jun},
	journal={IEEE Transactions on Pattern Analysis and Machine Intelligence},
	volume={33},
	number={5},
	pages={958--977},
	year={2011},
	publisher={IEEE}
}

@article{chen2006miles,
	title={MILES: Multiple-instance learning via embedded instance selection},
	author={Chen, Yixin and Bi, Jinbo and Wang, James Z},
	journal={IEEE Transactions on Pattern Analysis and Machine Intelligence},
	volume={28},
	number={12},
	pages={1931--1947},
	year={2006},
	publisher={IEEE}
}

@inproceedings{andrews2002support,
	title={Support vector machines for multiple-instance learning},
	author={Andrews, Stuart and Tsochantaridis, Ioannis and Hofmann, Thomas},
	booktitle={Advances in Neural Information Processing Systems},
	pages={561--568},
	year={2002}
}

@InProceedings{Zhang_2015_CVPR_sparse,
	author = {Zhang, Baochang and Perina, Alessandro and Murino, Vittorio and Del Bue, Alessio},
	title = {Sparse Representation Classification With Manifold Constraints Transfer},
	booktitle = {IEEE Conference on Computer Vision and Pattern Recognition},
	month = {June},
	year = {2015}
}

@InProceedings{Li_2015_CVPR_a_weighted,
	author = {Li, Nianyi and Sun, Bilin and Yu, Jingyi},
	title = {A Weighted Sparse Coding Framework for Saliency Detection},
	booktitle = {IEEE Conference on Computer Vision and Pattern Recognition},
	month = {June},
	year = {2015}
}

@InProceedings{Li_2015_CVPR_deep,
	author = {Li, Yeqing and Chen, Chen and Yang, Fei and Huang, Junzhou},
	title = {Deep Sparse Representation for Robust Image Registration},
	booktitle = {IEEE Conference on Computer Vision and Pattern Recognition},
	month = {June},
	year = {2015}
}

@InProceedings{Ge_2014_CVPR_product,
	author = {Ge, Tiezheng and He, Kaiming and Sun, Jian},
	title = {Product Sparse Coding},
	booktitle = {IEEE Conference on Computer Vision and Pattern Recognition},
	month = {June},
	year = {2014}
}

@article{sprechmann2015learning,
	title={Learning efficient sparse and low rank models},
	author={Sprechmann, Pablo and Bronstein, Alexander and Sapiro, Guillermo},
	journal={IEEE Transactions on Pattern Analysis and Machine Intelligence},
	volume={37},
	number={9},
	pages={1821--1833},
	year={2015},
	publisher={IEEE}
}


@article{jiang2013label,
	title={Label consistent K-SVD: Learning a discriminative dictionary for recognition},
	author={Jiang, Zhuolin and Lin, Zhe and Davis, Larry S},
	journal={IEEE Transactions on Pattern Analysis and Machine Intelligence},
	volume={35},
	number={11},
	pages={2651--2664},
	year={2013},
	publisher={IEEE}
}

@InProceedings{Yang_2014_CVPR_latent,
	author = {Yang, Meng and Dai, Dengxin and Shen, Lilin and Van Gool, Luc},
	title = {Latent Dictionary Learning for Sparse Representation based Classification},
	booktitle = {IEEE Conference on Computer Vision and Pattern Recognition},
	month = {June},
	year = {2014}
}

@InProceedings{Dai_2014_CVPR_unsupervised,
	author = {Dai, Jifeng and Hong, Yi and Hu, Wenze and Zhu, Song-Chun and Nian Wu, Ying},
	title = {Unsupervised Learning of Dictionaries of Hierarchical Compositional Models},
	booktitle = {IEEE Conference on Computer Vision and Pattern Recognition},
	month = {June},
	year = {2014}
}

@InProceedings{Papandreou_2014_CVPR_modeling,
	author = {Papandreou, George and Chen, Liang-Chieh and Yuille, Alan L.},
	title = {Modeling Image Patches with a Generic Dictionary of Mini-Epitomes},
	booktitle = {IEEE Conference on Computer Vision and Pattern Recognition},
	month = {June},
	year = {2014}
}

@InProceedings{Li_2015_CVPR_from,
	author = {Li, Peihua and Lu, Xiaoxiao and Wang, Qilong},
	title = {From Dictionary of Visual Words to Subspaces: Locality-Constrained Affine Subspace Coding},
	booktitle = {IEEE Conference on Computer Vision and Pattern Recognition},
	month = {June},
	year = {2015}
}

@InProceedings{HE_2013_CVPR_Beta,
	author = {He, Li and Qi, Hairong and Zaretzki, Russell},
	title = {Beta Process Joint Dictionary Learning for Coupled Feature Spaces with Application to Single Image Super-Resolution},
	booktitle = {IEEE Conference on Computer Vision and Pattern Recognition},
	month = {June},
	year = {2013}
}

@InProceedings{Peng_2014_CVPR_decomposable,
	author = {Peng, Yi and Meng, Deyu and Xu, Zongben and Gao, Chenqiang and Yang, Yi and Zhang, Biao},
	title = {Decomposable Nonlocal Tensor Dictionary Learning for Multispectral Image Denoising},
	booktitle = {IEEE Conference on Computer Vision and Pattern Recognition},
	month = {June},
	year = {2014}
}

@article{giryes2014sparsity,
	title={Sparsity-based Poisson denoising with dictionary learning},
	author={Giryes, Raja and Elad, Michael},
	journal={IEEE Transactions on Image Processing},
	volume={23},
	number={12},
	pages={5057--5069},
	year={2014},
	publisher={IEEE}
}



@article{zhang2014group,
	title={Group-based sparse representation for image restoration},
	author={Zhang, Jian and Zhao, Debin and Gao, Wen},
	journal={IEEE Transactions on Image Processing},
	volume={23},
	number={8},
	pages={3336--3351},
	year={2014},
	publisher={IEEE}
}

@InProceedings{Feng_2014_CVPR_learning,
	author = {Feng, Jiashi and Jegelka, Stefanie and Yan, Shuicheng and Darrell, Trevor},
	title = {Learning Scalable Discriminative Dictionary with Sample Relatedness},
	booktitle = {IEEE Conference on Computer Vision and Pattern Recognition},
	month = {June},
	year = {2014}
}

@InProceedings{Jing_2015_CVPR_super,
	author = {Jing, Xiao-Yuan and Zhu, Xiaoke and Wu, Fei and You, Xinge and Liu, Qinglong and Yue, Dong and Hu, Ruimin and Xu, Baowen},
	title = {Super-Resolution Person Re-Identification With Semi-Coupled Low-Rank Discriminant Dictionary Learning},
	booktitle = {IEEE Conference on Computer Vision and Pattern Recognition},
	month = {June},
	year = {2015}
}

@article{mairal2012task,
	title={Task-driven dictionary learning},
	author={Mairal, Julien and Bach, Francis and Ponce, Jean},
	journal={IEEE Transactions on Pattern Analysis and Machine Intelligence},
	volume={34},
	number={4},
	pages={791--804},
	year={2012},
	publisher={IEEE}
}

@article{mairal2014sparse,
	title={Sparse modeling for image and vision processing},
	author={Mairal, Julien and Bach, Francis and Ponce, Jean},
	journal={Foundations and Trends in Computer Graphics and Vision},
	volume={8},
	number={2-3},
	pages={85--283},
	year={2014}
}


@article{yang2010image,
	title={Image super-resolution via sparse representation},
	author={Yang, Jianchao and Wright, John and Huang, Thomas S and Ma, Yi},
	journal={IEEE Transactions on Image Processing},
	volume={19},
	number={11},
	pages={2861--2873},
	year={2010},
	publisher={IEEE}
}

@article{mairal2008sparse,
	title={Sparse representation for color image restoration},
	author={Mairal, Julien and Elad, Michael and Sapiro, Guillermo},
	journal={IEEE Transactions on Image Processing},
	volume={17},
	number={1},
	pages={53--69},
	year={2008},
	publisher={IEEE}
}

@article{elad2006image,
	title={Image denoising via sparse and redundant representations over learned dictionaries},
	author={Elad, Michael and Aharon, Michal},
	journal={IEEE Transactions on Image Processing},
	volume={15},
	number={12},
	pages={3736--3745},
	year={2006},
	publisher={IEEE}
}

@article{olshausen1996emergence,
	title={Emergence of simple-cell receptive field properties by learning a sparse code for natural images},
	author={Olshausen, Bruno A and others},
	journal={Nature},
	volume={381},
	number={6583},
	pages={607--609},
	year={1996}
}

@article{olshausen1997sparse,
	title={Sparse coding with an overcomplete basis set: A strategy employed by V1?},
	author={Olshausen, Bruno A and Field, David J},
	journal={Vision Research},
	volume={37},
	number={23},
	pages={3311--3325},
	year={1997},
	publisher={Elsevier}
}



@article{wright2009robust,
	title={Robust face recognition via sparse representation},
	author={Wright, John and Yang, Allen Y and Ganesh, Arvind and Sastry, Shankar S and Ma, Yi},
	journal={IEEE Transactions on Pattern Analysis and Machine Intelligence},
	volume={31},
	number={2},
	pages={210--227},
	year={2009},
	publisher={IEEE}
}

@inproceedings{huang2006sparse,
	title={Sparse representation for signal classification},
	author={Huang, Ke and Aviyente, Selin},
	booktitle={Advances in Neural Information Processing Systems},
	pages={609--616},
	year={2006}
}

@article{mallat1993matching,
	title={Matching pursuits with time-frequency dictionaries},
	author={Mallat, St{\'e}phane G and Zhang, Zhifeng},
	journal={IEEE Transactions on Signal Processing},
	volume={41},
	number={12},
	pages={3397--3415},
	year={1993},
	publisher={IEEE}
}



@article{candes2006robust,
	title={Robust uncertainty principles: Exact signal reconstruction from highly incomplete frequency information},
	author={Cand{\`e}s, Emmanuel J and Romberg, Justin and Tao, Terence},
	journal={IEEE Transactions on Information Theory},
	volume={52},
	number={2},
	pages={489--509},
	year={2006},
	publisher={IEEE}
}

@article{donoho2006compressed,
	title={Compressed sensing},
	author={Donoho, David L},
	journal={IEEE Transactions on Information Theory},
	volume={52},
	number={4},
	pages={1289--1306},
	year={2006},
	publisher={IEEE}
}

@article{aharon2006ksvd,
	title={K-SVD: An Algorithm for Designing Overcomplete Dictionaries for Sparse Representation},
	author={Aharon, Michal and Elad, Michael and Bruckstein, Alfred},
	journal={IEEE Transactions on Signal Processing},
	volume={54},
	number={11},
	pages={4311--4322},
	year={2006},
	publisher={IEEE}
}

@book{mallat1999wavelet,
	title={A wavelet tour of signal processing, Third Edition: The Sparse Way},
	author={Mallat, St{\'e}phane},
	pages={611--699}
	year={2008},
	publisher={Academic Press}
}

@article{chen1998atomic,
	title={Atomic decomposition by basis pursuit},
	author={Chen, Scott Shaobing and Donoho, David L and Saunders, Michael A},
	journal={SIAM Journal on Scientific Computing},
	volume={20},
	number={1},
	pages={33--61},
	year={1998},
	publisher={SIAM}
}



@article{zou2006SPCA,
	title={Sparse principal component analysis},
	author={Zou, Hui and Hastie, Trevor and Tibshirani, Robert},
	journal={Journal of Computational and Graphical Statistics},
	volume={15},
	number={2},
	pages={265--286},
	year={2006},
	publisher={Taylor \& Francis}
}


@article{shen2008SPCA,
	title={Sparse principal component analysis via regularized low rank matrix approximation},
	author={Shen, Haipeng and Huang, Jianhua Z},
	journal={Journal of Multivariate Analysis},
	volume={99},
	number={6},
	pages={1015--1034},
	year={2008},
	publisher={Elsevier}
}

@article{Aspremont2007SPCA,
	title={A direct formulation for sparse PCA using semidefinite programming},
	author={d'Aspremont, Alexandre and El Ghaoui, Laurent and Jordan, Michael I and Lanckriet, Gert RG},
	journal={SIAM Review},
	volume={49},
	number={3},
	pages={434--448},
	year={2007},
	publisher={SIAM}
}

@inproceedings{guan2014NMF,
	title={Activity Recognition in Still Images with Transductive Non-negative Matrix Factorization},
	author={Guan, Naiyang and Tao, Dacheng and Lan, Long and Luo, Zhigang and Yang, Xuejun},
	booktitle={Workshops, European Conference on Computer Vision},
	pages={802--817},
	year={2014},
	organization={Springer}
}

@article{hoyer2004NMF,
	title={Non-negative matrix factorization with sparseness constraints},
	author={Hoyer, Patrik O},
	journal={Journal of Machine Learning Research},
	volume={5},
	pages={1457--1469},
	year={2004},
	publisher={JMLR. org}
}

@article{lee1999NMF,
	title={Learning the parts of objects by non-negative matrix factorization},
	author={Lee, Daniel D and Seung, H Sebastian},
	journal={Nature},
	volume={401},
	number={6755},
	pages={788--791},
	year={1999},
	publisher={Nature Publishing Group}
}


@inproceedings{gillis:2008,
	title={A generalized linear mixing model for hyperspectral imagery},
	author={Gillis, D. and others},
	booktitle={Proc. SPIE},
	volume={6966},
	pages={1--11},
	year={2008},
}


@article{du:2014pr,
	title={Target detection based on a dynamic subspace},
	author={B. Du and L. Zhang},
	journal={Pattern Recognition},
	volume={47},
	number={1},
	pages={344--358},
	year={2014},
	publisher={Elsevier}
}

@article{du:2014tgr,
	title={A Discriminative Metric Learning Based Anomaly Detection Method},
	author={B. Du and L. Zhang},
	journal={IEEE Trans. Geosci. Remote Sens.},
	volume={52},
	number={11},
	pages={6844--6857},
	year={2014},
	publisher={IEEE}
}

@article{zhao:2014jstars,
	title={A Robust Nonlinear Hyperspectral Anomaly Detection Approach},
	author={R. Zhao, B. Du and L. Zhang},
	journal = {IEEE J. Sel. Topics Appl. Earth Observ. and Remote Sens.},
	volume = {7},
	number = {4},
	pages = {1227-1234},
	year = {2014},
	month = {Apr.}
}

@article{manolakis:2003,
	title={Hyperspectral image processing for automatic target detection applications},
	author={Manolakis, Dimitris and Marden, David and Shaw, Gary A},
	journal={Lincoln Laboratory J.},
	volume={14},
	number={1},
	pages={79--116},
	year={2003}
}

@inproceedings{basener:2010clutter,
	title={Clutter and anomaly removal for enhanced target detection},
	author={Basener, William F},
	booktitle={Proc. SPIE},
	volume={7695},
	pages={769525},
	year={2010},
}


@PhdThesis{Glenn:2013,
	title = "{Context Dependent Detection in Hyperspectral Imagery}",
	author = "T. C. Glenn",
	school = "University of Florida",
	month = dec,
	year = "2013",
}

@article{nascimento:2005,
	title={Vertex component analysis: A fast algorithm to unmix hyperspectral data},
	author={Nascimento, Jos{\'e} MP and Dias, Jos{\'e} MB},
	journal={IEEE Trans. Geosci. Remote Sens.},
	volume={43},
	number={4},
	pages={898--910},
	year={2005},
	publisher={IEEE}
}

@article{kraut:2001,
	title={Adaptive subspace detectors},
	author={Kraut, S. and Scharf, L.L. and McWhorter, L.T.},
	journal={IEEE Transactions on Signal Processing},
	volume={49},
	number={1},
	pages={1--16},
	year={2001},
	publisher={IEEE}
}

@misc{glenn_gulfport:2013,
	author = {Glenn, T. and A. Zare and Gader, P. and Dranishnikov, D.},
	title = {Bullwinkle: Scoring Code for Sub-pixel Targets (Version 1.0) [Software]},
	year={2013},
	note = {\url{http://engineers.missouri.edu/zarea/code/}}
}

@techreport{gader:2013,
	author = {Gader, P. and A. Zare and others},
	title = {\uppercase{MUUFL} Gulfport Hyperspectral and LiDAR Airborne Data Set},
	month={Oct.},
	year={2013},
	institution= {University of Florida, Gainesville, FL, REP-2013-570}
}

@inproceedings{holzwarth:2003,
	title={HySens-\uppercase{DAIS} 7915/ROSIS imaging spectrometers at \uppercase{DLR}},
	author={Holzwarth, S. and others},
	booktitle={Proc. 3rd EARSel, Workshop on Imag. Spectrosc., Herrsching},
	pages={3--14},
	month={May},
	year={2003}
}

@article{Cortes:1995,
	title={Support vector machine},
	author={Cortes, Corinna and Vapnik, Vladimir},
	journal={Mach. learning},
	volume={20},
	number={3},
	pages={273--297},
	year={1995}
}

@article{Tipping:2001,
	title={Sparse Bayesian learning and the relevance vector machine},
	author={Tipping, Michael E},
	journal={J. Mach. Learning Research},
	volume={1},
	pages={211--244},
	year={2001},
	publisher={JMLR. org}
}

@article{Keller:1985,
	title={A fuzzy k-nearest neighbor algorithm},
	author={Keller, James M and Gray, Michael R and Givens, James A},
	journal={IEEE Trans. Syst., Man and Cybern.},
	number={4},
	pages={580--585},
	year={1985},
	publisher={IEEE}
}


@inproceedings{Dula:2013,
	title={Landmine classification using possibilistic K-nearest neighbors with wideband electromagnetic induction data},
	author={Dula, J and A. Zare and Ho, Dominic and Gader, P},
	booktitle={Proc. SPIE},
	year={2013},
	volume={8709},
	number={87091F},
}

@INPROCEEDINGS{Frigui:2006,
	author={Frigui, H. and Gader, P.},
	booktitle={IEEE Int. Conf. Fuzzy Syst.},
	title={Detection and Discrimination of Land Mines based on Edge Histogram Descriptors and Fuzzy K-Nearest Neighbors},
	year={2006},
	pages={1494-1499},
	keywords={data acquisition;feature extraction;fuzzy systems;ground penetrating radar;landmine detection;3-D array;GPR system;data acquisition;edge histogram descriptor;false alarm;feature extraction algorithm;fuzzy K-nearest neighbors;geographic location;ground penetrating radar;land mine detection;local edge distribution;outdoor test sites;prescreening algorithm;sensor data;subsurface anomalies;translation invariant features;Decision making;Feature extraction;Fuzzy logic;Fuzzy systems;Ground penetrating radar;Histograms;Landmine detection;Radar detection;Sensor phenomena and characterization;Sensor systems},
	doi={10.1109/FUZZY.2006.1681906},}

@ARTICLE{Frigui:2009,
	author={Frigui, H. and Gader, P.},
	journal={IEEE Trans. Fuzzy Syst.},
	title={Detection and Discrimination of Land Mines in Ground-Penetrating Radar Based on Edge Histogram Descriptors and a Possibilistic K-Nearest Neighbor Classifier},
	year={2009},
	volume={17},
	number={1},
	pages={185-199},
	keywords={feature extraction;ground penetrating radar;landmine detection;pattern classification;radar imaging;3D GPR signatures;anomaly detection;confidence assignment;edge histogram descriptors;feature extraction;ground penetrating radar;landmine detection;landmine discrimination;local edge distribution;possibilistic K-nearest neighbors;possibilistic k-nearest neighbor classifier;sensor data;training signatures;translation invariant features;Edge histogram descriptor;feature-based discrimination;land mine detection;possibilistic $K$ -nearest neighbor ($K$-NN)},
	doi={10.1109/TFUZZ.2008.2005249},
	ISSN={1063-6706},}

@article{Jordan:2002,
	title={On discriminative vs. generative classifiers: A comparison of logistic regression and naive \uppercase{B}ayes},
	author={Ng, A.Y. and Jordan, M.I.},
	journal={NIPS},
	volume={14},
	pages={841},
	year={2002}
}

@book{Bishop:2006,
	title={Pattern recognition and machine learning},
	author={Bishop, Christopher M and Nasrabadi, Nasser M},
	volume={1},
	year={2006},
	publisher={springer New York}
}

@ARTICLE{Bolton:2009,
	author={Bolton, J. and Gader, P.},
	journal={IEEE Trans. Geosci. Remote Sens.},
	title={Random Set Framework for Context-Based Classification With Hyperspectral Imagery},
	year={2009},
	volume={47},
	number={11},
	pages={3810-3821},
	keywords={geophysical signal processing;image classification;remote sensing;context based classification;feature space orientation;hyperspectral imagery;random set framework;remote sensing;spectra population distribution analysis;Concept drift;context-based classification;ensemble methods;environmental variability;hyperspectral imagery (HSI);random set framework (RSF)},
	doi={10.1109/TGRS.2009.2025497},
	ISSN={0196-2892},}

@INPROCEEDINGS{Jordan:1993,
	author={Jordan, M. and Jacobs, R.},
	booktitle={Proc. 1993 Int. Joint Conf. Neural Networks},
	title={Hierarchical mixtures of experts and the \uppercase{EM} algorithm},
	year={1993},
	volume={2},
	pages={1339-1344 vol.2},
	keywords={learning (artificial intelligence);maximum likelihood estimation;neural net architecture;expectation-maximization algorithm;experts;generalized linear models;hierarchical mixture model;maximum likelihood problem;neural nets;robot dynamics;statistical model;supervised learning;tree-structured architecture;Biological neural networks;Jacobian matrices;Machine learning algorithms;Mars;Orbital robotics;Partitioning algorithms;Psychology;Supervised learning;Surface fitting;Vectors},
	doi={10.1109/IJCNN.1993.716791},}

@ARTICLE{Yuksel:2012,
	author={Yuksel, S. and Wilson, J. and Gader, P.},
	journal={IEEE J. Neural Networks and Learning Syst.},
	title={Twenty Years of Mixture of Experts},
	year={2012},
	volume={23},
	number={8},
	pages={1177-1193},
	keywords={Gaussian processes;expectation-maximisation algorithm;expert systems;learning (artificial intelligence);pattern classification;public domain software;regression analysis;trees (mathematics);ME variational learning;classification models;expectation-maximization algorithm;localized ME training;mixture-of-Gaussian process experts;publicly-available datasets;publicly-available software;regression models;statistical properties;Bayesian methods;Data models;Decision trees;Gaussian processes;Hidden Markov models;Regression analysis;Support vector machines;Applications;Bayesian;classification;comparison;hierarchical mixture of experts (HME);mixture of Gaussian process experts;regression;statistical properties;survey;variational},
	doi={10.1109/TNNLS.2012.2200299},
	ISSN={2162-237X},}

@article{Breiman:2001,
	year={2001},
	issn={0885-6125},
	journal={Mach. Learning},
	volume={45},
	number={1},
	doi={10.1023/A:1010933404324},
	title={Random Forests},
	url={http://dx.doi.org/10.1023/A%3A1010933404324},
	publisher={Kluwer Academic Publishers},
	keywords={classification; regression; ensemble},
	author={Breiman, L.},
	pages={5-32},
	language={English}
}

@ARTICLE{Goin:1984,
	author={Goin, J.},
	journal={IEEE Trans. Pattern Anal. and Mach. Intell.},
	title={Classification Bias of the k-Nearest Neighbor Algorithm},
	year={1984},
	volume={PAMI-6},
	number={3},
	pages={379-381},
	keywords={Breast cancer;Cancer detection;Density functional theory;Distribution functions;Error analysis;Frequency estimation;Nearest neighbor searches;Pattern analysis;Performance analysis;Yield estimation;Analysis of class separation;error estimation;k-nearest neighbor classifier;nonparametric discrimination},
	doi={10.1109/TPAMI.1984.4767533},
	ISSN={0162-8828},}

@article{Ratsch:2001,
	year={2001},
	issn={0885-6125},
	journal={Mach. Learning},
	volume={42},
	number={3},
	doi={10.1023/A:1007618119488},
	title={Soft Margins for AdaBoost},
	url={http://dx.doi.org/10.1023/A%3A1007618119488},
	publisher={Kluwer Academic Publishers},
	keywords={ADABOOST; arcing; large margin; soft margin; classification; support vectors},
	author={Rätsch, G. and Onoda, T. and Müller, K.-R.},
	pages={287-320},
	language={English}
}

@ARTICLE{Frigui:2010,
	author={Frigui, H. and Lijun Zhang and Gader, P.},
	journal={IEEE Trans. Geosci. Remote Sens.},
	title={Context-Dependent Multisensor Fusion and Its Application to Land Mine Detection},
	year={2010},
	volume={48},
	number={6},
	pages={2528-2543},
	keywords={electromagnetic induction;ground penetrating radar;landmine detection;burial depth;classification methods;context-dependent multisensor fusion;electromagnetic induction;geographical site;ground-penetrating radar;land mine type;multialgorithm fusion method;multiple land mine detection algorithms;multisensor fusion method;soil conditions;weather conditions;wideband electromagnetic data;Electromagnetic induction (EMI);ground-penetrating radar (GPR);land mine detection;multialgorithm fusion;multisensor fusion},
	doi={10.1109/TGRS.2009.2039936},
	ISSN={0196-2892},}

@ARTICLE{5288526,
	author={Sinno Jialin Pan and Qiang Yang},
	journal={IEEE Trans. Knowl. Data Eng.},
	title={A Survey on Transfer Learning},
	year={2010},
	volume={22},
	number={10},
	pages={1345-1359},
	keywords={knowledge engineering;learning by example;optimisation;unsupervised learning;data mining;inductive transfer learning;knowledge transfer;machine learning;transductive transfer learning;unsupervised transfer learning;Data mining;Knowledge engineering;Knowledge transfer;Labeling;Learning systems;Machine learning;Machine learning algorithms;Space technology;Testing;Training data;Transfer learning;data mining.;machine learning;survey},
	doi={10.1109/TKDE.2009.191},
	ISSN={1041-4347},}

@article{daume2006domain,
	title={Domain Adaptation for Statistical Classifiers.},
	author={Daum{\'e} III, Hal and Marcu, Daniel},
	journal={J. Artif. Intell. Res.(JAIR)},
	volume={26},
	pages={101--126},
	year={2006}
}

@ARTICLE{6198883,
	author={Persello, C. and Bruzzone, L.},
	journal={IEEE Trans. Geosci. Remote Sens.},
	title={Active Learning for Domain Adaptation in the Supervised Classification of Remote Sensing Images},
	year={2012},
	volume={50},
	number={11},
	pages={4468-4483},
	keywords={geophysical image processing;geophysical techniques;image classification;remote sensing;active learning;classification system;domain adaptation problems;hyperspectral images;image supervised classification;operational applications;remote sensing images;source-domain samples;Hyperspectral imaging;Labeling;Support vector machines;Training;Active learning (AL);automatic classification;domain adaptation (DA);hyperspectral data;remote sensing;transfer learning},
	doi={10.1109/TGRS.2012.2192740},
	ISSN={0196-2892},}

@inproceedings{evgeniou2004regularized,
	title={Regularized multi--task learning},
	author={Evgeniou, Theodoros and Pontil, Massimiliano},
	booktitle={Proc. 10th ACM SIGKDD Int. Conf. Knowl. Discovery and Data Mining},
	pages={109--117},
	year={2004},
	organization={ACM}
}

@article{Dias:2012,
	author = {J. M. Bioucas-Dias and others},
	title = {Hyperspectral Unmixing Overview: Geometrical, Statistical, and Sparse Regression-Based Approaches},
	journal = {IEEE J. Sel. Topics Appl. Earth Observ. and Remote Sens.},
	volume = {5},
	number = {2},
	pages = {354-379},
	year = {2012},
	month = {Apr.}
}

@article{Keshava:2000,
	author = {N. Keshava and J. Kerekes and D. Manolakis and G. Shaw},
	title = {An Algorithm Taxonomy for Hyperspectral Unmixing},
	journal = {Proc. SPIE},
	volume = {4049},
	pages = {42--63},
	year = {2000},
}

@article{Keshava:2002,
	author = {N. Keshava and J. F. Mustard},
	title = {Spectral unmixing},
	journal = {IEEE Signal Process. Mag.},
	volume = {19},
	number = {1},
	pages = {44-57},
	year = {2002},
	month = {Jan.}
}

@article{Keshava:2009,
	author = {N. Keshava},
	title = {A Survey of Spectral Unmixing Algorithms},
	journal = {Lincoln Laboratory J.},
	volume = {14},
	number = {1},
	year = {2009},
}


@inproceedings{Parente:2010,
	title={Survey of geometric and statistical unmixing algorithms for hyperspectral images},
	author={Parente, Mario and Plaza, Antonio},
	booktitle={IEEE WHISPERS},
	pages={1--4},
	year={2010},
}


@article{Dias:2011,
	author = {J. M. Bioucas-Dias and A. Plaza},
	title = {An overview on hyperspectral unmixing: Geometrical, statistical, and sparse regression based approaches},
	journal = {IGARSS},
	year = {2011},
	pages = {1135-1138}
}

@ARTICLE{Chan:2011,
	author = {T.-H. Chan and W.K.-Ma and A. Ambikapathi and C.-Y. Chi},
	title = {A Simplex Volume Maximization Framework for Hyperspectral Endmember Extraction},
	journal={IEEE Trans. Geosci. Remote Sens.},
	year = {2011},
	volume = {49},
	pages = {4177-4193},
	number = {11},
	month = {June}
}


@ARTICLE{Wang:2006B,
	author = {J. Wang and C.-I. Chang},
	title = {Applications of Independent Component Analysis in Endmember Extraction
	and Abundance Quantification for Hyperspectral Imagery},
	journal={IEEE Trans. Geosci. Remote Sens.},
	year = {2006},
	volume = {44},
	pages = {2601-2616},
	number = {9},
	month = sep,
	date-modified = {2008-05-06 17:39:22 -0400}
}

@ARTICLE{Chang:2010,
	author = {C.-I. Chang and C.-C. Wu and C.-S. Lo and M.-L. Chang},
	title = {Real-Time Simplex Growing Algorithms for Hyperspectral Endmember Extraction},
	journal={IEEE Trans. Geosci. Remote Sens.},
	year = {2010},
	volume = {48},
	pages = {1834-1850},
	number = {4},
	month = {April}
}

@ARTICLE{Craig:1994,
	author = {M.-D. Craig},
	title = {Minimum-Volume Transforms for Remotely Sensed Data},
	journal={IEEE Trans. Geosci. Remote Sens.},
	year = {1994},
	volume = {32},
	pages = {542-552},
	number = {3},
	month = {May}
}

@ARTICLE{Ifarraguerri:1999,
	author = {A. Ifarraguerri and C.-I. Chang},
	title = {Multispectral and Hyperspectral Image Analysis with Convex Cones},
	journal={IEEE Trans. Geosci. Remote Sens.},
	year = {1999},
	volume = {73},
	pages = {756-770},
	number = {2},
	month = {Mar.}
}

@ARTICLE{Nascimento:2005a,
	author = {Nascimento, J. M. P. and Bioucas Dias, J. M.},
	title = {Does independent component analysis play a role in unmixing hyperspectral
	data?},
	journal={IEEE Trans. Geosci. Remote Sens.},
	year = {2005},
	volume = {43},
	pages = {175-187},
	number = {1},
	bdsk-url-1 = {http://dx.doi.org/10.1109/TGRS.2004.839806},
	date-added = {2013-04-06 16:40:28 +0000},
	date-modified = {2013-04-06 16:40:28 +0000},
	doi = {10.1109/TGRS.2004.839806},
	issn = {0196-2892},
	keywords = {data acquisition;geophysical signal processing;geophysical techniques;image
	resolution;independent component analysis;remote sensing;spectral
	analysis;Gaussian mixture;correspondent abundance fraction;data acquisition;endmember
	spectra;hyperspectral data unmixing;hyperspectral source statistical
	dependence;independent component analysis;independent factor analysis;linear
	spectra mixture;noise immersion;signal-to-noise ratio;signature variability;spectrum
	vector;1f noise;Computational modeling;Data acquisition;Hyperspectral
	imaging;Independent component analysis;Mutual information;Partitioning
	algorithms;Scattering;Signal to noise ratio;Vectors}
}

@ARTICLE{Berman:2004,
	author = {M. Berman and others},
	title = {{ICE}: A Statistical Approach to Identifying Endmembers in Hyperspectral
	Images},
	journal={IEEE Trans. Geosci. Remote Sens.},
	year = {2004},
	volume = {42},
	pages = {2085-2095},
	month = {Oct.}
}

@ARTICLE{Jia:2009,
	author = {S. Jia and Y Qian},
	title = {Constrained Nonnegative Matrix Factorization for Hyperspectral Unmixing},
	journal={IEEE Trans. Geosci. Remote Sens.},
	year = {2009},
	volume = {47},
	pages = {161-173},
	number = {1},
	month = {Jan.}
}

@ARTICLE{Miao:2007,
	author = {L. Miao and H. Qi},
	title = {Endmember Extraction From Highly Mixed Data Using Minimum Volume
	Constrained Nonnegative Matrix Factorization},
	journal={IEEE Trans. Geosci. Remote Sens.},
	year = {2007},
	volume = {45},
	pages = {765-777},
	number = {3},
	month = {Mar.}}

@ARTICLE{Zare:2007,
	author = {A. Zare and P. Gader},
	title = {Sparsity Promoting Iterated Constrained Endmember Detection for Hyperspectral
	Imagery},
	journal = {IEEE Geosci. Remote Sens. Lett.},
	year = {2007},
	volume = {4},
	pages = {446-450},
	number = {3},
	month = {July}
}

@ARTICLE{Iordache:2011,
	author = {M.-D. Iordache and J. Bioucas-Dias and A. Plaza},
	title = {Sparse Unmixing of Hyperspectral Data},
	journal={IEEE Trans. Geosci. Remote Sens.},
	year = {2011},
	volume = {49},
	pages = {2014-2039},
	number = {6},
	month = {June}
}

@article{Zhong:2013,
	author={Zhong, Y. and Feng, R. and Zhang, L.},
	journal = {IEEE J. Sel. Topics Appl. Earth Observ. Remote Sens.},
	title={Non-Local Sparse Unmixing for Hyperspectral Remote Sensing Imagery},
	year={2014},
	month={June},
	volume = {7},
	pages = {1889-1909},
	number = {6},
}

@ARTICLE{Lu:2013,
	author={Lu, X. and others},
	journal={IEEE Trans. Geosci. Remote Sens.},
	title={Manifold Regularized Sparse {NMF} for Hyperspectral Unmixing},
	year={2013},
	volume={51},
	number={5},
	pages={2815-2826},
	keywords={Cost function;Hyperspectral imaging;Indexes;Manifolds;Materials;Sparse matrices;Hyperspectral unmixing;manifold regularization;mixed pixel;nonnegative matrix factorization (NMF)}}

@ARTICLE{Iordache:2012,
	author = {Iordache, M.-D. and Bioucas-Dias, J.M. and Plaza, A.},
	title = {Total Variation Spatial Regularization for Sparse Hyperspectral Unmixing},
	journal={IEEE Trans. Geosci. Remote Sens.},
	year = {2012},
	volume = {50},
	pages = {4484-4502},
	number = {11},
}

@ARTICLE{Chen:2013,
	author={F. Chen and Y. Zhang},
	journal = {IEEE Geosci. Remote Sens. Lett.},
	title={Sparse Hyperspectral Unmixing Based on Constrained $\ell _{p} - \ell _{2}$ Optimization},
	year={2013},
	volume={10},
	number={5},
	pages={1142-1146},
	doi={10.1109/LGRS.2012.2232901},
	ISSN={1545-598X},}

@ARTICLE{Shi:2013,
	author={Shi, Z. and Tang, W. and Duren, Z. and Jiang, Z.},
	journal={IEEE Trans. Geosci. Remote Sens.},
	title={Subspace Matching Pursuit for Sparse Unmixing of Hyperspectral Data},
	pages={3256-3274},
	year={2014},
	month={June},
	volume={52},
	number={6},
	doi={10.1109/TGRS.2013.2272076},
}

@ARTICLE{Plaza:2002,
	author = {A. Plaza and P. Martinez and R. Perez and J. Plaza},
	title = {Spatial/Spectral Endmember Extraction by Multidimensional Morphological
	Operators},
	journal={IEEE Trans. Geosci. Remote Sens.},
	year = {2002},
	volume = {40},
	pages = {2025-2041},
	number = {9},
	month = sep
}

@ARTICLE{Rogge:2007,
	author = {D. M. Rogge and B. Rivard and J. Zhang and A. Sanchez and J. Harris
	and J. Feng},
	title = {Integration of Spatial-Spectral Information for the Improved Extraction
	of Endmembers},
	journal = {Remote Sens. of Environment},
	year = {2007},
	volume = {110},
	pages = {287-303}
}

@INPROCEEDINGS{Zare:2010a,
	author={A. Zare and Bchir, O. and Frigui, H. and Gader, P.},
	booktitle={IEEE WHISPERS},
	title={Spatially-smooth piece-wise convex endmember detection},
	year={2010},
	pages = {1--4}
}

@INPROCEEDINGS{Zare:2011b,
	author={A. Zare and Gader, P.},
	booktitle={IEEE Int. Conf. Fuzzy Syst.},
	title={Piece-wise convex spatial-spectral unmixing of hyperspectral imagery using possibilistic and fuzzy clustering},
	year={2011},
	pages={741-746},
	keywords={face recognition;fuzzy set theory;image colour analysis;infrared spectroscopy;pattern clustering;visible spectroscopy;fuzzy clustering;hyperspectral imagery;imaging spectroscopy;material spectra;piecewise convex hyperspectral unmixing algorithm;possibilistic clustering;spatial image information;spatial-spectral unmixing algorithm;spectral image information;vis-NIR hyperspectral face imagery;Clustering algorithms;Equations;Hyperspectral imaging;Materials;Mathematical model;Signal processing algorithms;convex geometry model;endmember;fuzzy;hyperspectral;linear mixing;piece-wise convex;possibilistic;spectral unmixing},
	doi={10.1109/FUZZY.2011.6007622},
	ISSN={1098-7584},}

@article{Xu:2013,
	author={Xu, M. and Du, B. and Zhang, L.},
	journal = {IEEE J. Sel. Topics Appl. Earth Observ. Remote Sens.},
	title={Spatial-Spectral Information Based Abundance-Constrained Endmember Extraction Methods},
	year={2014},
	month={June},
	pages={1939-1404},
	volume={7},
	number={6},
	doi={10.1109/JSTARS.2013.2268661},
}

@book{Kay:1993,
	Author = {Kay, S. M},
	Date-Added = {2012-09-25 15:44:15 +0000},
	Date-Modified = {2012-09-25 15:45:46 +0000},
	Publisher = {Prentice-Hall},
	Title = {Fundamental of Statistical Signal Processing: Volume II -- Detection Theory},
	Year = {1993}}

@article{Kraut:1999,
	Author = {Kraut, S. and Scharf, L.L.},
	Journal = {IEEE Trans. Signal Process.},
	Month = {Sept.},
	Number = {9},
	Pages = {2538 -2541},
	Title = {The {CFAR} adaptive subspace detector is a scale-invariant {GLRT}},
	Volume = {47},
	Year = {1999}}

@book{Eismann:2012,
	Author = {Eismann, M. T.},
	Date-Added = {2012-09-25 14:41:59 +0000},
	Date-Modified = {2013-02-09 23:17:12 +0000},
	Publisher = {SPIE Press},
	Title = {Hyperspectral Remote Sensing},
	Year = {2012}}

@ARTICLE{Harsanyi:1994,
	author = {J. C. Harsanyi and C.-I. Chang},
	title = {Hyperspectral Image Classification and Dimensionality Reduction:
	An Orthogonal Subspace Projection Approach},
	journal={IEEE Trans. Geosci. Remote Sens.},
	year = {1994},
	volume = {32},
	pages = {779-785},
	number = {4},
	month = {July}
}

@inproceedings{Manolakis:2001a,
	Author = {Manolakis, D. and Siracusa, C. and Shaw, G.},
	Booktitle = {2001 IEEE Int. Conf. Acoustics, Speech, and Signal Process., 2001 (ICASSP '01)},
	Pages = {3153 -3156 vol.5},
	Title = {Adaptive matched subspace detectors for hyperspectral imaging applications},
	Volume = {5},
	Year = {2001},}


@article{Johnson:2005,
	Author = {Johnson, S.},
	Journal = {IEEE Trans. Aerosp. Electron. Syst.},
	Month = {Jan.},
	Number = {1},
	Pages = {34 - 49},
	Title = {Family of constrained signal detectors for hyperspectral imagery},
	Volume = {41},
	Year = {2005},}

@article{Johnson:2002,
	Author = {Johnson, S.},
	journal={IEEE Trans. Geosci. Remote Sens.},
	Month = {Jun.},
	Number = {6},
	Pages = {1326 - 1337},
	Title = {The constrained signal detector},
	Volume = {40},
	Year = {2002},}

@ARTICLE{Dietterich:1997,
	author = {T. G. Dietterich and R. H. Lathrop and T. Lozano-Perez},
	title = {Solving the multiple-instance problem with axis-parallel rectangles},
	journal = {Artificial Intelligence},
	year = {1997},
	volume = {89},
	pages = {31-17},
	number = {1-2}
}

@inproceedings{Maron:1998,
	author = {O. Maron and T. Lozano-Perez},
	title = {A framework for multiple-instance learning.},
	booktitle={Advances in Neural Information Processing Systems},
	year = {1998},
	volume = {10}
}

@INPROCEEDINGS{Bolton:2010,
	author={Bolton, J. and Gader, P.},
	booktitle={IGARSS},
	title={Multiple instance learning for hyperspectral image analysis},
	year={2010},
	pages={4232-4235},}

@article{bolton:2011,
	title={Random set framework for multiple instance learning},
	author={Bolton, Jeremy and Gader, Paul and Frigui, Hichem and Torrione, Pete},
	journal={Inform. Sci.},
	volume={181},
	number={11},
	pages={2061--2070},
	year={2011},
	publisher={Elsevier}
}

@CONFERENCE{Raykar:2008,
	author = {Raykar, V.C. and Krishnapuram, B. and Bi, J. and Dundar, M. and Rao,
	R.B.},
	title = {{Bayesian multiple instance learning: automatic feature selection
	and inductive transfer}},
	booktitle = {ICML},
	year = {2008},
	pages = {808--815},
}


@inproceedings{Zhang:2002,
	author = {Zhang, Q. and Goldman, S.A.},
	title = {{EM-DD: An improved multiple-instance learning technique}},
	booktitle={Advances in Neural Information Processing Systems},  year = {2002},
	volume = {2},
	pages = {1073--1080},
	publisher = {MIT; 1998}
}



@inproceedings{winter1999n,
	title={N-FINDR: an algorithm for fast autonomous spectral end-member determination in hyperspectral data},
	author={Winter, Michael E},
	booktitle={SPIE's Int. Symp. Optical Sci., Eng., and Instrumentation},
	pages={266--275},
	year={1999},
	organization={International Society for Optics and Photonics}
}

@inproceedings{boardman1993automating,
	title={Automating spectral unmixing of AVIRIS data using convex geometry concepts},
	author={Boardman, Joseph W and others},
	booktitle={Summaries 4th Annu. JPL Airborne Geosci. Workshop},
	volume={1},
	pages={11--14},
	year={1993},
	organization={JPL Publication 93--26}
}

@inproceedings{boardman1995mapping,
	title={Mapping target signatures via partial unmixing of AVIRIS data},
	author={Boardman, Joseph W and Kruse, Fred A and Green, Robert O},
	booktitle={Summaries 5th JPL Airborne Earth Sci. Workshop},
	volume={1},
	pages={23--26},
	year={1995}
}

@article{green1988transformation,
	title={A transformation for ordering multispectral data in terms of image quality with implications for noise removal},
	author={Green, Andrew A and Berman, Mark and Switzer, Paul and Craig, Maurice D},
	journal={IEEE Trans. Geosci. Remote Sens.},
	volume={26},
	number={1},
	pages={65--74},
	year={1988},
	publisher={IEEE}
}

@inproceedings{neville1999automatic,
	title={Automatic endmember extraction from hyperspectral data for mineral exploration},
	author={Neville, RA and Staenz, K and Szeredi, T and Lefebvre, J and Hauff, P},
	booktitle={Proc. 21st Canadian Symp. Remote Sens.},
	pages={21--24},
	year={1999}
}



@article{ritter2009autonomous,
	title={Autonomous single-pass endmember approximation using lattice auto-associative memories},
	author={Ritter, Gerhard X and Urcid, Gonzalo and Schmalz, Mark S},
	journal={Neurocomputing},
	volume={72},
	number={10},
	pages={2101--2110},
	year={2009},
	publisher={Elsevier}
}

@article{ritter2011lattice,
	title={A lattice matrix method for hyperspectral image unmixing},
	author={Ritter, Gerhard X and Urcid, Gonzalo},
	journal={Inform. Sci.},
	volume={181},
	number={10},
	pages={1787--1803},
	year={2011},
	publisher={Elsevier}
}

@article{grana2009two,
	title={Two lattice computing approaches for the unsupervised segmentation of hyperspectral images},
	author={Gra{\~n}a, Manuel and Villaverde, Ivan and Maldonado, Jos{\'e} O and Hernandez, Carmen},
	journal={Neurocomputing},
	volume={72},
	number={10},
	pages={2111--2120},
	year={2009},
	publisher={Elsevier}
}

@article{zare:2010pce,
	title={PCE: Piecewise convex endmember detection},
	author={A. Zare and Gader, Paul},
	journal={IEEE Trans. Geosci. Remote Sens.},
	volume={48},
	number={6},
	pages={2620--2632},
	year={2010},
	publisher={IEEE}
}


@article{candes:2006,
	title={Stable signal recovery from incomplete and inaccurate measurements},
	author={Candes, Emmanuel J and Romberg, Justin K and Tao, Terence},
	journal={Commun. on Pure and Applied Math.},
	volume={59},
	number={8},
	pages={1207--1223},
	year={2006},
	publisher={Wiley Online Library}
}


@article{natarajan:1995,
	title={Sparse approximate solutions to linear systems},
	author={Natarajan, Balas Kausik},
	journal={SIAM J. on Computing},
	volume={24},
	number={2},
	pages={227--234},
	year={1995},
	publisher={SIAM}
}

@inproceedings{bioucas:2010,
	title={Alternating direction algorithms for constrained sparse regression: Application to hyperspectral unmixing},
	author={Bioucas-Dias, Jos{\'e} M and Figueiredo, M{\'a}rio AT},
	booktitle={Proc. IEEE GRSS Workshop Hyperspectral Image Signal Process.: Evolution in Remote Sens. (WHISPERS)},
	year={2010},
}

@inproceedings{guo:2009,
	title={L1 unmixing and its application to hyperspectral image enhancement},
	author={Guo, Zhaohui and Wittman, Todd and Osher, Stanley},
	booktitle={SPIE Defense, Security, and Sens.},
	pages={73341M--73341M},
	year={2009},
	organization={International Society for Optics and Photonics}
}

@INPROCEEDINGS{Zare:2011whispers,
	author={A. Zare and Gader, P. and Bolton, J. and Yuksel, S. and Dubroca, T. and Close, R. and Hummel, R.},
	booktitle={WHISPERS},
	title={Sub-pixel target spectra estimation and detection using functions of multiple instances},
	year={2011},
	pages={1--4}
}

@INPROCEEDINGS{Zare:2014whispers,
	author={Zare, A. and Jiao, C.},
	booktitle={WHISPERS},
	title={Extended functions of multiple instances for target characterization},
	year={2014},
	pages={1--4}
}

@inproceedings{Zare:2011spie,
	title={Multiclass subpixel target detection using functions of multiple instances},
	author={A. Zare and Gader, Paul},
	booktitle={SPIE Defense, Security, and Sens.},
	pages={804811},
	year={2011},
	organization={International Society for Optics and Photonics}
}

@inproceedings{Zare:2010icpr,
	title={Pattern recognition using functions of multiple instances},
	author={A. Zare and Gader, Paul},
	booktitle={ICPR},
	pages={1092--1095},
	year={2010},
}



@article{psorakis:2010,
	title={Multiclass relevance vector machines: sparsity and accuracy},
	author={Psorakis, Ioannis and Damoulas, Theodoros and Girolami, Mark A},
	journal={IEEE Trans. Neural Netw.},
	volume={21},
	number={10},
	pages={1588--1598},
	year={2010},
	publisher={IEEE}
}

@article{aster:2009,
	title={The \uppercase{ASTER} spectral library version 2.0},
	author={Baldridge, AM and Hook, SJ and Grove, CI and Rivera, G},
	journal={Remote Sensing of Environment},
	volume={113},
	number={4},
	pages={711--715},
	year={2009},
	publisher={Elsevier}
}


@inproceedings{RIT:2012,
	title={The \uppercase{SHARE} 2012 data campaign},
	author={A. Giannandrea and others},
	booktitle={Proc. SPIE},
	pages={87430F},
	year={2013},
}

%*************************************************************************************others

@article{felzenszwalb2010object,
	title={Object detection with discriminatively trained part-based models},
	author={Felzenszwalb, Pedro F and Girshick, Ross B and McAllester, David and Ramanan, Deva},
	journal={IEEE transactions on pattern analysis and machine intelligence},
	volume={32},
	number={9},
	pages={1627--1645},
	year={2010},
	publisher={IEEE}
}


@ARTICLE{Zare:2010,
	author = {A. Zare and P. Gader},
	title = {Pattern Recognition using Functions of Multiple Instances},
	journal = {Proc. of the Int. Conf. on Pattern Recognition},
	year = {2010},
	pages = {1092-1095},
	month = {Aug.},
	owner = {zarea},
	timestamp = {2011.02.28}
}

@INPROCEEDINGS{Zare:2011a,
	author = {Zare, A. and Gader, P.},
	title = {Multiclass subpixel target detection using functions of multiple instances},
	booktitle={SPIE Defense, Security, and Sensing},
	pages = {804811-804811-5},
	year = {2011},
	doi = {10.1117/12.884230},
}

@INPROCEEDINGS{Zare:2011,
	author = {A. Zare and P. Gader and J. Bolton and S. Yuksel and T. Dubroca and
	R. Close},
	title = {Sub-pixel Target Spectra Estimation Using Functions of Multiple Instances},
	booktitle = {3rd IEEE Workshop on Hyperspectral Image and Signal Process.: Evolution
	in Remote Sensing},
	year = {2011}
}

